<?xml version="1.0" encoding="UTF-8"?>
<!DOCTYPE html PUBLIC "-//W3C//DTD XHTML 1.0 Transitional//EN"
    "http://www.w3.org/TR/xhtml1/DTD/xhtml1-transitional.dtd">
<html xmlns="http://www.w3.org/1999/xhtml" xml:lang="en" lang="en">
 <head>
  <title>
</title>
<meta http-equiv="Content-Type" content="text/html;charset=utf-8" />
  <meta name='ocr-system' content='tesseract 3.04.00' />
  <meta name='ocr-capabilities' content='ocr_page ocr_carea ocr_par ocr_line ocrx_word'/>
</head>
<body>
  <div class='ocr_page' id='page_1' title='image "./corneliinepotis01ortmgoog_0035.png"; bbox 0 0 2959 4759; ppageno 0'>
   <div class='ocr_carea' id='block_1_1' title="bbox 12 3960 756 4044">
    <p class='ocr_par' dir='ltr' id='par_1_1' title="bbox 12 3960 756 4044">
     <span class='ocr_line' id='line_1_1' title="bbox 12 3960 756 4044; baseline -0.005 -12"><span class='ocrx_word' id='word_1_1' title='bbox 12 4016 16 4023; x_wconf 86' lang='lat'>-</span> <span class='ocrx_word' id='word_1_2' title='bbox 125 3976 252 4044; x_wconf 86' lang='lat' dir='ltr'>machte,</span> <span class='ocrx_word' id='word_1_3' title='bbox 285 3976 346 4030; x_wconf 88' lang='lat' dir='ltr'>eine</span> <span class='ocrx_word' id='word_1_4' title='bbox 379 3974 584 4044; x_wconf 81' lang='lat' dir='ltr'>oligerchische</span> <span class='ocrx_word' id='word_1_5' title='bbox 615 3974 683 4029; x_wconf 89' lang='lat' dir='ltr'>Ver·</span> <span class='ocrx_word' id='word_1_6' title='bbox 738 3960 756 4012; x_wconf 59' lang='grc' dir='ltr'><strong>Β</strong></span> 
     </span>
    </p>
   </div>
   <div class='ocr_carea' id='block_1_2' title="bbox 516 172 1306 236">
    <p class='ocr_par' dir='ltr' id='par_1_2' title="bbox 516 172 1306 236">
     <span class='ocr_line' id='line_1_2' title="bbox 516 172 1306 236; baseline 0.009 -7"><span class='ocrx_word' id='word_1_7' title='bbox 516 174 576 230; x_wconf 86' lang='lat' dir='ltr'>Vll.</span> <span class='ocrx_word' id='word_1_8' title='bbox 604 172 827 229; x_wconf 77' lang='lat' dir='ltr'>ALCIBIADES.</span> <span class='ocrx_word' id='word_1_9' title='bbox 846 179 876 228; x_wconf 83' lang='lat'>4.</span> <span class='ocrx_word' id='word_1_10' title='bbox 891 179 916 230; x_wconf 76' lang='grc' dir='ltr'>ὅ.</span> <span class='ocrx_word' id='word_1_11' title='bbox 1262 172 1306 236; x_wconf 77' lang='grc'>23</span> 
     </span>
    </p>
   </div>
   <div class='ocr_carea' id='block_1_3' title="bbox 125 336 1354 2987">
    <p class='ocr_par' dir='ltr' id='par_1_3' title="bbox 125 336 1340 1129">
     <span class='ocr_line' id='line_1_3' title="bbox 125 336 1306 422; baseline -0.004 -18"><span class='ocrx_word' id='word_1_12' title='bbox 125 339 289 405; x_wconf 83' lang='lat' dir='ltr'>adversus</span> <span class='ocrx_word' id='word_1_13' title='bbox 316 338 470 422; x_wconf 89' lang='lat' dir='ltr'>patriam,</span> <span class='ocrx_word' id='word_1_14' title='bbox 499 337 553 402; x_wconf 92' lang='lat' dir='ltr'>sed</span> <span class='ocrx_word' id='word_1_15' title='bbox 581 337 729 402; x_wconf 89' lang='lat' dir='ltr'>inimicos</span> <span class='ocrx_word' id='word_1_16' title='bbox 758 358 834 402; x_wconf 90' lang='lat' dir='ltr'>suos</span> <span class='ocrx_word' id='word_1_17' title='bbox 861 336 983 400; x_wconf 91' lang='lat' dir='ltr'>bellum</span> <span class='ocrx_word' id='word_1_18' title='bbox 1017 336 1132 420; x_wconf 82' lang='lat' dir='ltr'>gessit:</span> <span class='ocrx_word' id='word_1_19' title='bbox 1163 357 1239 399; x_wconf 91' lang='lat' dir='ltr'>nam</span> <span class='ocrx_word' id='word_1_20' title='bbox 1272 357 1306 400; x_wconf 91' lang='lat' dir='ltr'>se</span> 
     </span>
     <span class='ocr_line' id='line_1_4' title="bbox 126 424 1306 513; baseline -0.004 -20"><span class='ocrx_word' id='word_1_21' title='bbox 126 450 207 493; x_wconf 90' lang='lat' dir='ltr'>cum</span> <span class='ocrx_word' id='word_1_22' title='bbox 230 427 457 513; x_wconf 78' lang='lat' dir='ltr'>intellegerent</span> <span class='ocrx_word' id='word_1_23' title='bbox 479 426 655 509; x_wconf 90' lang='lat' dir='ltr'>plurimum</span> <span class='ocrx_word' id='word_1_24' title='bbox 679 424 833 509; x_wconf 82' lang='lat' dir='ltr'>prodesse</span> <span class='ocrx_word' id='word_1_25' title='bbox 851 445 947 508; x_wconf 89' lang='lat' dir='ltr'>posse</span> <span class='ocrx_word' id='word_1_26' title='bbox 965 424 1190 509; x_wconf 91' lang='lat' dir='ltr'>reipublicae,</span> <span class='ocrx_word' id='word_1_27' title='bbox 1208 446 1248 489; x_wconf 87' lang='lat' dir='ltr'>ex</span> <span class='ocrx_word' id='word_1_28' title='bbox 1267 445 1306 488; x_wconf 89' lang='lat' dir='ltr'>ea</span> 
     </span>
     <span class='ocr_line' id='line_1_5' title="bbox 127 512 1305 600; baseline -0.005 -18"><span class='ocrx_word' id='word_1_29' title='bbox 127 516 265 582; x_wconf 88' lang='lat' dir='ltr'>eiecisse</span> <span class='ocrx_word' id='word_1_30' title='bbox 292 517 430 600; x_wconf 89' lang='lat' dir='ltr'>plusque</span> <span class='ocrx_word' id='word_1_31' title='bbox 456 514 523 578; x_wconf 89' lang='lat' dir='ltr'>irae</span> <span class='ocrx_word' id='word_1_32' title='bbox 553 535 629 579; x_wconf 90' lang='lat' dir='ltr'>suae</span> <span class='ocrx_word' id='word_1_33' title='bbox 658 535 756 598; x_wconf 90' lang='lat' dir='ltr'>quam</span> <span class='ocrx_word' id='word_1_34' title='bbox 785 512 924 577; x_wconf 75' lang='lat' dir='ltr'>utilitati</span> <span class='ocrx_word' id='word_1_35' title='bbox 954 514 1117 578; x_wconf 91' lang='lat' dir='ltr'>communi</span> <span class='ocrx_word' id='word_1_36' title='bbox 1149 513 1305 597; x_wconf 85' lang='lat' dir='ltr'>paruisse.</span> 
     </span>
     <span class='ocr_line' id='line_1_6' title="bbox 126 599 1340 689; baseline -0.002 -20"><span class='ocrx_word' id='word_1_37' title='bbox 126 603 248 689; x_wconf 89' lang='lat' dir='ltr'>Itaque</span> <span class='ocrx_word' id='word_1_38' title='bbox 275 604 363 668; x_wconf 89' lang='lat' dir='ltr'>illius</span> <span class='ocrx_word' id='word_1_39' title='bbox 390 602 528 668; x_wconf 88' lang='lat' dir='ltr'>consilio</span> <span class='ocrx_word' id='word_1_40' title='bbox 557 601 804 668; x_wconf 87' lang='lat' dir='ltr'>Lacedaemonii</span> <span class='ocrx_word' id='word_1_41' title='bbox 831 601 1015 686; x_wconf 89' lang='lat' dir='ltr'>petentibus</span> <span class='ocrx_word' id='word_1_42' title='bbox 1039 599 1133 685; x_wconf 82' lang='lat' dir='ltr'>Syra·</span> <span class='ocrx_word' id='word_1_43' title='bbox 1162 604 1206 682; x_wconf 89' lang='lat' dir='ltr'>[a.</span> <span class='ocrx_word' id='word_1_44' title='bbox 1224 601 1340 682; x_wconf 78' lang='lat' dir='ltr'>414]s</span> 
     </span>
     <span class='ocr_line' id='line_1_7' title="bbox 127 686 1304 775; baseline -0.003 -18"><span class='ocrx_word' id='word_1_45' title='bbox 127 694 263 757; x_wconf 87' lang='lat' dir='ltr'>eusanis</span> <span class='ocrx_word' id='word_1_46' title='bbox 296 692 414 756; x_wconf 86' lang='lat' dir='ltr'>auxilia</span> <span class='ocrx_word' id='word_1_47' title='bbox 445 691 619 773; x_wconf 89' lang='lat' dir='ltr'>miserunt,</span> <span class='ocrx_word' id='word_1_48' title='bbox 651 690 726 755; x_wconf 90' lang='lat' dir='ltr'>dein</span> <span class='ocrx_word' id='word_1_49' title='bbox 757 690 930 755; x_wconf 81' lang='lat' dir='ltr'>Deceleam</span> <span class='ocrx_word' id='word_1_50' title='bbox 962 690 996 753; x_wconf 90' lang='lat' dir='ltr'>in</span> <span class='ocrx_word' id='word_1_51' title='bbox 1025 690 1137 755; x_wconf 86' lang='lat' dir='ltr'>Attica</span> <span class='ocrx_word' id='word_1_52' title='bbox 1165 686 1207 775; x_wconf 87' lang='lat' dir='ltr'>[a.</span> <span class='ocrx_word' id='word_1_53' title='bbox 1224 690 1304 771; x_wconf 86' lang='lat'>413]</span> 
     </span>
     <span class='ocr_line' id='line_1_8' title="bbox 128 776 1306 864; baseline -0.003 -19"><span class='ocrx_word' id='word_1_54' title='bbox 128 782 320 847; x_wconf 87' lang='lat' dir='ltr'>munierunt</span> <span class='ocrx_word' id='word_1_55' title='bbox 342 780 567 864; x_wconf 86' lang='lat' dir='ltr'>praesidioque</span> <span class='ocrx_word' id='word_1_56' title='bbox 592 778 639 844; x_wconf 93' lang='lat' dir='ltr'>ibi</span> <span class='ocrx_word' id='word_1_57' title='bbox 661 782 817 863; x_wconf 91' lang='lat' dir='ltr'>perpetuo</span> <span class='ocrx_word' id='word_1_58' title='bbox 840 778 948 863; x_wconf 90' lang='lat' dir='ltr'>posito</span> <span class='ocrx_word' id='word_1_59' title='bbox 967 777 1000 842; x_wconf 92' lang='lat' dir='ltr'>in</span> <span class='ocrx_word' id='word_1_60' title='bbox 1020 778 1188 843; x_wconf 84' lang='lat' dir='ltr'>obsidione</span> <span class='ocrx_word' id='word_1_61' title='bbox 1202 776 1306 843; x_wconf 91' lang='lat' dir='ltr'>Athe-</span> 
     </span>
     <span class='ocr_line' id='line_1_9' title="bbox 128 866 1304 952; baseline -0.003 -19"><span class='ocrx_word' id='word_1_62' title='bbox 128 891 195 935; x_wconf 87' lang='lat' dir='ltr'>nas</span> <span class='ocrx_word' id='word_1_63' title='bbox 218 872 400 934; x_wconf 88' lang='lat' dir='ltr'>tenuerunt.</span> <span class='ocrx_word' id='word_1_64' title='bbox 431 867 588 933; x_wconf 75' lang='lat' dir='ltr'>Eiusdem</span> <span class='ocrx_word' id='word_1_65' title='bbox 607 890 706 952; x_wconf 90' lang='lat' dir='ltr'>opera</span> <span class='ocrx_word' id='word_1_66' title='bbox 725 889 797 932; x_wconf 91' lang='lat' dir='ltr'>cum</span> <span class='ocrx_word' id='word_1_67' title='bbox 817 866 912 932; x_wconf 91' lang='lat' dir='ltr'>Perse</span> <span class='ocrx_word' id='word_1_68' title='bbox 931 887 1007 951; x_wconf 85' lang='lat' dir='ltr'>rege</span> <span class='ocrx_word' id='word_1_69' title='bbox 1026 866 1203 931; x_wconf 84' lang='lat' dir='ltr'>amicitiam</span> <span class='ocrx_word' id='word_1_70' title='bbox 1222 866 1304 931; x_wconf 82' lang='lat' dir='ltr'>fece-</span> 
     </span>
     <span class='ocr_line' id='line_1_10' title="bbox 127 954 1303 1034; baseline -0.003 -11"><span class='ocrx_word' id='word_1_71' title='bbox 127 962 209 1023; x_wconf 89' lang='lat' dir='ltr'>runt</span> <span class='ocrx_word' id='word_1_72' title='bbox 232 962 265 1022; x_wconf 90' lang='lat' dir='ltr'>et</span> <span class='ocrx_word' id='word_1_73' title='bbox 291 957 417 1022; x_wconf 88' lang='lat' dir='ltr'>Ioniam</span> <span class='ocrx_word' id='word_1_74' title='bbox 442 980 462 1022; x_wconf 92' lang='lat' dir='ltr'>a</span> <span class='ocrx_word' id='word_1_75' title='bbox 490 957 643 1022; x_wconf 85' lang='lat' dir='ltr'>societate</span> <span class='ocrx_word' id='word_1_76' title='bbox 671 959 857 1021; x_wconf 86' lang='lat' dir='ltr'>averterunt</span> <span class='ocrx_word' id='word_1_77' title='bbox 879 954 1137 1020; x_wconf 80' lang='lat' dir='ltr'>Atheniensium.</span> <span class='ocrx_word' id='word_1_78' title='bbox 1166 956 1208 1034; x_wconf 92' lang='lat' dir='ltr'>[a.</span> <span class='ocrx_word' id='word_1_79' title='bbox 1222 955 1303 1034; x_wconf 78' lang='lat'>412]</span> 
     </span>
     <span class='ocr_line' id='line_1_11' title="bbox 127 1044 1059 1129; baseline -0.003 -18"><span class='ocrx_word' id='word_1_80' title='bbox 127 1045 204 1123; x_wconf 81' lang='lat' dir='ltr'>Quo</span> <span class='ocrx_word' id='word_1_81' title='bbox 227 1046 314 1110; x_wconf 85' lang='lat' dir='ltr'>facto</span> <span class='ocrx_word' id='word_1_82' title='bbox 338 1045 443 1111; x_wconf 91' lang='lat' dir='ltr'>multo</span> <span class='ocrx_word' id='word_1_83' title='bbox 467 1044 649 1129; x_wconf 79' lang='lat' dir='ltr'>superiores</span> <span class='ocrx_word' id='word_1_84' title='bbox 672 1045 759 1109; x_wconf 91' lang='lat' dir='ltr'>bello</span> <span class='ocrx_word' id='word_1_85' title='bbox 782 1066 853 1109; x_wconf 88' lang='lat' dir='ltr'>esse</span> <span class='ocrx_word' id='word_1_86' title='bbox 876 1047 1059 1127; x_wconf 85' lang='lat' dir='ltr'>coeperunt</span> 
     </span>
    </p>

    <p class='ocr_par' dir='ltr' id='par_1_4' title="bbox 126 1131 1354 2987">
     <span class='ocr_line' id='line_1_12' title="bbox 222 1131 1339 1217; baseline -0.005 -17"><span class='ocrx_word' id='word_1_87' title='bbox 222 1134 261 1200; x_wconf 90' lang='lat' dir='ltr'>V.</span> <span class='ocrx_word' id='word_1_88' title='bbox 294 1132 408 1217; x_wconf 90' lang='lat' dir='ltr'>Neque</span> <span class='ocrx_word' id='word_1_89' title='bbox 431 1154 507 1199; x_wconf 84' lang='lat' dir='ltr'>vero</span> <span class='ocrx_word' id='word_1_90' title='bbox 530 1132 582 1197; x_wconf 90' lang='lat' dir='ltr'>his</span> <span class='ocrx_word' id='word_1_91' title='bbox 609 1132 704 1197; x_wconf 88' lang='lat' dir='ltr'>rebus</span> <span class='ocrx_word' id='word_1_92' title='bbox 727 1137 797 1198; x_wconf 91' lang='lat' dir='ltr'>tam</span> <span class='ocrx_word' id='word_1_93' title='bbox 826 1131 921 1197; x_wconf 91' lang='lat' dir='ltr'>amici</span> <span class='ocrx_word' id='word_1_94' title='bbox 944 1131 1105 1197; x_wconf 84' lang='lat' dir='ltr'>Alcibiadi</span> <span class='ocrx_word' id='word_1_95' title='bbox 1128 1135 1205 1195; x_wconf 90' lang='lat' dir='ltr'>sunt</span> <span class='ocrx_word' id='word_1_96' title='bbox 1226 1131 1306 1196; x_wconf 86' lang='lat' dir='ltr'>facti</span> <span class='ocrx_word' id='word_1_97' title='bbox 1325 1145 1339 1193; x_wconf 93' lang='lat'>1</span> 
     </span>
     <span class='ocr_line' id='line_1_13' title="bbox 130 1219 1305 1306; baseline -0.003 -19"><span class='ocrx_word' id='word_1_98' title='bbox 130 1245 232 1306; x_wconf 90' lang='lat' dir='ltr'>quam</span> <span class='ocrx_word' id='word_1_99' title='bbox 255 1223 374 1287; x_wconf 89' lang='lat' dir='ltr'>timore</span> <span class='ocrx_word' id='word_1_100' title='bbox 397 1223 438 1287; x_wconf 85' lang='lat' dir='ltr'>ab</span> <span class='ocrx_word' id='word_1_101' title='bbox 457 1243 495 1287; x_wconf 90' lang='lat' dir='ltr'>eo</span> <span class='ocrx_word' id='word_1_102' title='bbox 519 1222 660 1287; x_wconf 86' lang='lat' dir='ltr'>alienati.</span> <span class='ocrx_word' id='word_1_103' title='bbox 683 1219 775 1285; x_wconf 51' lang='lat' dir='ltr'>‘Nam</span> <span class='ocrx_word' id='word_1_104' title='bbox 794 1243 868 1286; x_wconf 92' lang='lat' dir='ltr'>cum</span> <span class='ocrx_word' id='word_1_105' title='bbox 886 1219 1035 1286; x_wconf 81' lang='lat' dir='ltr'>acerrimi</span> <span class='ocrx_word' id='word_1_106' title='bbox 1053 1220 1114 1285; x_wconf 83' lang='lat' dir='ltr'>viri</span> <span class='ocrx_word' id='word_1_107' title='bbox 1136 1224 1305 1303; x_wconf 85' lang='lat' dir='ltr'>praestan-</span> 
     </span>
     <span class='ocr_line' id='line_1_14' title="bbox 130 1308 1306 1394; baseline -0.003 -19"><span class='ocrx_word' id='word_1_108' title='bbox 130 1315 200 1376; x_wconf 88' lang='lat' dir='ltr'>tem</span> <span class='ocrx_word' id='word_1_109' title='bbox 224 1310 431 1394; x_wconf 84' lang='lat' dir='ltr'>prudentiam</span> <span class='ocrx_word' id='word_1_110' title='bbox 454 1311 487 1374; x_wconf 91' lang='lat' dir='ltr'>in</span> <span class='ocrx_word' id='word_1_111' title='bbox 512 1310 662 1375; x_wconf 90' lang='lat' dir='ltr'>omnihus</span> <span class='ocrx_word' id='word_1_112' title='bbox 686 1309 782 1374; x_wconf 87' lang='lat' dir='ltr'>rebus</span> <span class='ocrx_word' id='word_1_113' title='bbox 806 1312 1045 1393; x_wconf 80' lang='lat' dir='ltr'>cognoscerent,</span> <span class='ocrx_word' id='word_1_114' title='bbox 1067 1308 1306 1391; x_wconf 89' lang='lat' dir='ltr'>pertimuerunt</span> 
     </span>
     <span class='ocr_line' id='line_1_15' title="bbox 128 1396 1305 1483; baseline -0.003 -19"><span class='ocrx_word' id='word_1_115' title='bbox 128 1420 172 1463; x_wconf 89' lang='lat' dir='ltr'>ne</span> <span class='ocrx_word' id='word_1_116' title='bbox 190 1400 327 1464; x_wconf 87' lang='lat' dir='ltr'>caritate</span> <span class='ocrx_word' id='word_1_117' title='bbox 345 1399 470 1483; x_wconf 87' lang='lat' dir='ltr'>patriae</span> <span class='ocrx_word' id='word_1_118' title='bbox 485 1397 600 1463; x_wconf 90' lang='lat' dir='ltr'>ductus</span> <span class='ocrx_word' id='word_1_119' title='bbox 621 1397 796 1482; x_wconf 88' lang='lat' dir='ltr'>aliquando</span> <span class='ocrx_word' id='word_1_120' title='bbox 816 1397 856 1463; x_wconf 89' lang='lat' dir='ltr'>ab</span> <span class='ocrx_word' id='word_1_121' title='bbox 874 1398 955 1482; x_wconf 91' lang='lat' dir='ltr'>ipsis</span> <span class='ocrx_word' id='word_1_122' title='bbox 972 1396 1163 1461; x_wconf 89' lang='lat' dir='ltr'>descisceret</span> <span class='ocrx_word' id='word_1_123' title='bbox 1180 1400 1214 1461; x_wconf 90' lang='lat' dir='ltr'>et</span> <span class='ocrx_word' id='word_1_124' title='bbox 1231 1418 1305 1461; x_wconf 89' lang='lat' dir='ltr'>cum</span> 
     </span>
     <span class='ocr_line' id='line_1_16' title="bbox 130 1484 1303 1573; baseline -0.001 -22"><span class='ocrx_word' id='word_1_125' title='bbox 130 1488 199 1552; x_wconf 92' lang='lat' dir='ltr'>suis</span> <span class='ocrx_word' id='word_1_126' title='bbox 222 1488 257 1551; x_wconf 91' lang='lat' dir='ltr'>in</span> <span class='ocrx_word' id='word_1_127' title='bbox 280 1487 421 1573; x_wconf 82' lang='lat' dir='ltr'>gratiam</span> <span class='ocrx_word' id='word_1_128' title='bbox 445 1487 572 1552; x_wconf 85' lang='lat' dir='ltr'>rediret</span> <span class='ocrx_word' id='word_1_129' title='bbox 603 1485 718 1570; x_wconf 87' lang='lat' dir='ltr'>Itaque</span> <span class='ocrx_word' id='word_1_130' title='bbox 736 1490 866 1570; x_wconf 91' lang='lat' dir='ltr'>tempus</span> <span class='ocrx_word' id='word_1_131' title='bbox 885 1486 954 1551; x_wconf 91' lang='lat' dir='ltr'>eius</span> <span class='ocrx_word' id='word_1_132' title='bbox 973 1484 1190 1550; x_wconf 89' lang='lat' dir='ltr'>interficiundi</span> <span class='ocrx_word' id='word_1_133' title='bbox 1209 1506 1303 1570; x_wconf 91' lang='lat' dir='ltr'>quae·</span> 
     </span>
     <span class='ocr_line' id='line_1_17' title="bbox 129 1573 1338 1657; baseline -0.003 -17"><span class='ocrx_word' id='word_1_134' title='bbox 129 1597 202 1641; x_wconf 89' lang='lat' dir='ltr'>rere</span> <span class='ocrx_word' id='word_1_135' title='bbox 238 1575 460 1640; x_wconf 88' lang='lat' dir='ltr'>instituerunt.</span> <span class='ocrx_word' id='word_1_136' title='bbox 506 1574 544 1638; x_wconf 93' lang='lat' dir='ltr'>Id</span> <span class='ocrx_word' id='word_1_137' title='bbox 576 1574 762 1640; x_wconf 82' lang='lat' dir='ltr'>Alcibiades</span> <span class='ocrx_word' id='word_1_138' title='bbox 795 1574 916 1639; x_wconf 91' lang='lat' dir='ltr'>diutius</span> <span class='ocrx_word' id='word_1_139' title='bbox 953 1575 1051 1639; x_wconf 90' lang='lat' dir='ltr'>celari</span> <span class='ocrx_word' id='word_1_140' title='bbox 1085 1595 1152 1639; x_wconf 90' lang='lat' dir='ltr'>non</span> <span class='ocrx_word' id='word_1_141' title='bbox 1183 1573 1338 1657; x_wconf 70' lang='lat' dir='ltr'>potuittr</span> 
     </span>
     <span class='ocr_line' id='line_1_18' title="bbox 129 1662 1302 1748; baseline -0.002 -20"><span class='ocrx_word' id='word_1_142' title='bbox 129 1668 201 1729; x_wconf 87' lang='lat' dir='ltr'>erat</span> <span class='ocrx_word' id='word_1_143' title='bbox 224 1665 311 1728; x_wconf 90' lang='lat' dir='ltr'>enim</span> <span class='ocrx_word' id='word_1_144' title='bbox 335 1686 372 1729; x_wconf 90' lang='lat' dir='ltr'>ea</span> <span class='ocrx_word' id='word_1_145' title='bbox 396 1664 584 1748; x_wconf 82' lang='lat' dir='ltr'>sagacitate,</span> <span class='ocrx_word' id='word_1_146' title='bbox 607 1665 644 1726; x_wconf 94' lang='lat' dir='ltr'>ut</span> <span class='ocrx_word' id='word_1_147' title='bbox 663 1662 767 1745; x_wconf 90' lang='lat' dir='ltr'>decipi</span> <span class='ocrx_word' id='word_1_148' title='bbox 789 1684 856 1727; x_wconf 90' lang='lat' dir='ltr'>non</span> <span class='ocrx_word' id='word_1_149' title='bbox 874 1666 993 1746; x_wconf 90' lang='lat' dir='ltr'>posset,</span> <span class='ocrx_word' id='word_1_150' title='bbox 1015 1662 1206 1746; x_wconf 84' lang='lat' dir='ltr'>praesertim</span> <span class='ocrx_word' id='word_1_151' title='bbox 1230 1683 1302 1727; x_wconf 91' lang='lat' dir='ltr'>cum</span> 
     </span>
     <span class='ocr_line' id='line_1_19' title="bbox 128 1749 1303 1836; baseline -0.002 -19"><span class='ocrx_word' id='word_1_152' title='bbox 128 1752 275 1817; x_wconf 87' lang='lat' dir='ltr'>animum</span> <span class='ocrx_word' id='word_1_153' title='bbox 302 1751 495 1817; x_wconf 86' lang='lat' dir='ltr'>attendisset</span> <span class='ocrx_word' id='word_1_154' title='bbox 522 1752 562 1815; x_wconf 87' lang='lat' dir='ltr'>ad</span> <span class='ocrx_word' id='word_1_155' title='bbox 590 1750 777 1816; x_wconf 83' lang='lat' dir='ltr'>cavendum.</span> <span class='ocrx_word' id='word_1_156' title='bbox 821 1750 936 1835; x_wconf 90' lang='lat' dir='ltr'>Itaque</span> <span class='ocrx_word' id='word_1_157' title='bbox 970 1749 1009 1814; x_wconf 91' lang='lat' dir='ltr'>ad</span> <span class='ocrx_word' id='word_1_158' title='bbox 1042 1750 1303 1836; x_wconf 84' lang='lat' dir='ltr'>Tissaphernem,</span> 
     </span>
     <span class='ocr_line' id='line_1_20' title="bbox 127 1836 1337 1926; baseline 0.001 -21"><span class='ocrx_word' id='word_1_159' title='bbox 127 1840 328 1924; x_wconf 82' lang='lat' dir='ltr'>praefectum</span> <span class='ocrx_word' id='word_1_160' title='bbox 352 1841 439 1924; x_wconf 79' lang='lat' dir='ltr'>regis</span> <span class='ocrx_word' id='word_1_161' title='bbox 458 1836 606 1926; x_wconf 71' lang='lat' dir='ltr'>Darii11),</span> <span class='ocrx_word' id='word_1_162' title='bbox 630 1861 664 1903; x_wconf 89' lang='lat' dir='ltr'>se</span> <span class='ocrx_word' id='word_1_163' title='bbox 686 1839 833 1905; x_wconf 81' lang='lat' dir='ltr'>contulit.</span> <span class='ocrx_word' id='word_1_164' title='bbox 865 1838 928 1915; x_wconf 81' lang='lat' dir='ltr'>Qui</span> <span class='ocrx_word' id='word_1_165' title='bbox 951 1860 1024 1903; x_wconf 91' lang='lat' dir='ltr'>cum</span> <span class='ocrx_word' id='word_1_166' title='bbox 1044 1838 1302 1923; x_wconf 88' lang='lat' dir='ltr'>Atheniensium,</span> <span class='ocrx_word' id='word_1_167' title='bbox 1322 1857 1337 1906; x_wconf 80' lang='grc'>3</span> 
     </span>
     <span class='ocr_line' id='line_1_21' title="bbox 127 1925 1302 2015; baseline -0.001 -22"><span class='ocrx_word' id='word_1_168' title='bbox 127 1930 213 1994; x_wconf 85' lang='lat' dir='ltr'>mule</span> <span class='ocrx_word' id='word_1_169' title='bbox 237 1930 341 2015; x_wconf 83' lang='lat' dir='ltr'>gestis</span> <span class='ocrx_word' id='word_1_170' title='bbox 364 1930 399 1993; x_wconf 90' lang='lat' dir='ltr'>in</span> <span class='ocrx_word' id='word_1_171' title='bbox 423 1927 535 1993; x_wconf 79' lang='lat' dir='ltr'>Sicilia</span> <span class='ocrx_word' id='word_1_172' title='bbox 557 1925 710 2012; x_wconf 60' lang='lat' dir='ltr'>rebusffl),</span> <span class='ocrx_word' id='word_1_173' title='bbox 733 1950 812 2011; x_wconf 90' lang='lat' dir='ltr'>opes</span> <span class='ocrx_word' id='word_1_174' title='bbox 836 1948 1008 2010; x_wconf 88' lang='lat' dir='ltr'>senescere,</span> <span class='ocrx_word' id='word_1_175' title='bbox 1032 1926 1302 1993; x_wconf 88' lang='lat' dir='ltr'>Lacedaemonio-</span> 
     </span>
     <span class='ocr_line' id='line_1_22' title="bbox 127 2014 1302 2099; baseline -0.003 -17"><span class='ocrx_word' id='word_1_176' title='bbox 127 2040 200 2082; x_wconf 91' lang='lat' dir='ltr'>rum</span> <span class='ocrx_word' id='word_1_177' title='bbox 230 2040 288 2082; x_wconf 91' lang='lat' dir='ltr'>suo</span> <span class='ocrx_word' id='word_1_178' title='bbox 317 2017 437 2082; x_wconf 82' lang='lat' dir='ltr'>auxilio</span> <span class='ocrx_word' id='word_1_179' title='bbox 466 2038 608 2081; x_wconf 89' lang='lat' dir='ltr'>crescere</span> <span class='ocrx_word' id='word_1_180' title='bbox 635 2017 771 2099; x_wconf 84' lang='lat' dir='ltr'>videret,</span> <span class='ocrx_word' id='word_1_181' title='bbox 799 2016 895 2080; x_wconf 89' lang='lat' dir='ltr'>facile</span> <span class='ocrx_word' id='word_1_182' title='bbox 923 2016 965 2080; x_wconf 94' lang='lat' dir='ltr'>ab</span> <span class='ocrx_word' id='word_1_183' title='bbox 988 2014 1158 2081; x_wconf 87' lang='lat' dir='ltr'>Alcibiade</span> <span class='ocrx_word' id='word_1_184' title='bbox 1182 2038 1219 2081; x_wconf 92' lang='lat' dir='ltr'>eo</span> <span class='ocrx_word' id='word_1_185' title='bbox 1249 2015 1302 2081; x_wconf 89' lang='lat' dir='ltr'>ad·</span> 
     </span>
     <span class='ocr_line' id='line_1_23' title="bbox 127 2104 1301 2190; baseline 0 -21"><span class='ocrx_word' id='word_1_186' title='bbox 127 2106 244 2171; x_wconf 89' lang='lat' dir='ltr'>ductus</span> <span class='ocrx_word' id='word_1_187' title='bbox 268 2110 326 2190; x_wconf 88' lang='lat' dir='ltr'>est,</span> <span class='ocrx_word' id='word_1_188' title='bbox 348 2111 386 2170; x_wconf 95' lang='lat' dir='ltr'>ut</span> <span class='ocrx_word' id='word_1_189' title='bbox 404 2105 529 2170; x_wconf 90' lang='lat' dir='ltr'>neutris</span> <span class='ocrx_word' id='word_1_190' title='bbox 548 2105 660 2169; x_wconf 85' lang='lat' dir='ltr'>favens</span> <span class='ocrx_word' id='word_1_191' title='bbox 683 2104 758 2169; x_wconf 90' lang='lat' dir='ltr'>illos</span> <span class='ocrx_word' id='word_1_192' title='bbox 781 2104 866 2169; x_wconf 90' lang='lat' dir='ltr'>inter</span> <span class='ocrx_word' id='word_1_193' title='bbox 884 2126 918 2169; x_wconf 90' lang='lat' dir='ltr'>se</span> <span class='ocrx_word' id='word_1_194' title='bbox 937 2108 1104 2169; x_wconf 88' lang='lat' dir='ltr'>conterere</span> <span class='ocrx_word' id='word_1_195' title='bbox 1127 2107 1301 2188; x_wconf 88' lang='lat' dir='ltr'>pateretur.</span> 
     </span>
     <span class='ocr_line' id='line_1_24' title="bbox 128 2191 1354 2278; baseline -0.001 -20"><span class='ocrx_word' id='word_1_196' title='bbox 128 2194 200 2271; x_wconf 83' lang='lat' dir='ltr'>Quo</span> <span class='ocrx_word' id='word_1_197' title='bbox 228 2194 315 2259; x_wconf 86' lang='lat' dir='ltr'>facto</span> <span class='ocrx_word' id='word_1_198' title='bbox 345 2193 529 2259; x_wconf 87' lang='lat' dir='ltr'>Alcibiades</span> <span class='ocrx_word' id='word_1_199' title='bbox 557 2193 651 2258; x_wconf 90' lang='lat' dir='ltr'>initio</span> <span class='ocrx_word' id='word_1_200' title='bbox 681 2215 754 2258; x_wconf 90' lang='lat' dir='ltr'>cum</span> <span class='ocrx_word' id='word_1_201' title='bbox 777 2192 950 2278; x_wconf 73' lang='lat' dir='ltr'>Pisandro,</span> <span class='ocrx_word' id='word_1_202' title='bbox 977 2193 1031 2277; x_wconf 91' lang='lat' dir='ltr'>qui</span> <span class='ocrx_word' id='word_1_203' title='bbox 1060 2193 1146 2277; x_wconf 90' lang='lat' dir='ltr'>apud</span> <span class='ocrx_word' id='word_1_204' title='bbox 1170 2191 1301 2257; x_wconf 81' lang='lat' dir='ltr'>Samum</span> <span class='ocrx_word' id='word_1_205' title='bbox 1350 2223 1354 2230; x_wconf 92' lang='lat'>·</span> 
     </span>
     <span class='ocr_line' id='line_1_25' title="bbox 126 2281 1301 2367; baseline 0 -21"><span class='ocrx_word' id='word_1_206' title='bbox 126 2284 162 2347; x_wconf 90' lang='lat' dir='ltr'>in</span> <span class='ocrx_word' id='word_1_207' title='bbox 185 2283 329 2348; x_wconf 90' lang='lat' dir='ltr'>exercitu</span> <span class='ocrx_word' id='word_1_208' title='bbox 353 2286 437 2365; x_wconf 89' lang='lat' dir='ltr'>erat,</span> <span class='ocrx_word' id='word_1_209' title='bbox 459 2303 518 2367; x_wconf 91' lang='lat' dir='ltr'>per</span> <span class='ocrx_word' id='word_1_210' title='bbox 540 2281 757 2346; x_wconf 88' lang='lat' dir='ltr'>internuntios</span> <span class='ocrx_word' id='word_1_211' title='bbox 781 2282 976 2365; x_wconf 90' lang='lat' dir='ltr'>colloquitur</span> <span class='ocrx_word' id='word_1_212' title='bbox 997 2285 1030 2346; x_wconf 90' lang='lat' dir='ltr'>et</span> <span class='ocrx_word' id='word_1_213' title='bbox 1053 2282 1091 2346; x_wconf 96' lang='lat' dir='ltr'>de</span> <span class='ocrx_word' id='word_1_214' title='bbox 1114 2281 1220 2345; x_wconf 91' lang='lat' dir='ltr'>reditu</span> <span class='ocrx_word' id='word_1_215' title='bbox 1243 2302 1301 2346; x_wconf 91' lang='lat' dir='ltr'>suo</span> 
     </span>
     <span class='ocr_line' id='line_1_26' title="bbox 126 2368 1301 2454; baseline -0.002 -19"><span class='ocrx_word' id='word_1_216' title='bbox 126 2370 206 2436; x_wconf 85' lang='lat' dir='ltr'>facit</span> <span class='ocrx_word' id='word_1_217' title='bbox 238 2372 444 2436; x_wconf 88' lang='lat' dir='ltr'>mentionem.</span> <span class='ocrx_word' id='word_1_218' title='bbox 490 2370 573 2434; x_wconf 79' lang='lat' dir='ltr'>Erat</span> <span class='ocrx_word' id='word_1_219' title='bbox 601 2370 686 2434; x_wconf 91' lang='lat' dir='ltr'>enim</span> <span class='ocrx_word' id='word_1_220' title='bbox 718 2370 747 2434; x_wconf 92' lang='lat' dir='ltr'>is</span> <span class='ocrx_word' id='word_1_221' title='bbox 775 2368 887 2434; x_wconf 93' lang='lat' dir='ltr'>eodem</span> <span class='ocrx_word' id='word_1_222' title='bbox 919 2391 982 2454; x_wconf 90' lang='lat' dir='ltr'>quo</span> <span class='ocrx_word' id='word_1_223' title='bbox 1014 2373 1085 2434; x_wconf 91' lang='lat' dir='ltr'>tum</span> <span class='ocrx_word' id='word_1_224' title='bbox 1113 2369 1301 2434; x_wconf 90' lang='lat' dir='ltr'>Alcibiades</span> 
     </span>
     <span class='ocr_line' id='line_1_27' title="bbox 128 2457 1337 2544; baseline -0.001 -21"><span class='ocrx_word' id='word_1_225' title='bbox 128 2481 235 2544; x_wconf 91' lang='lat' dir='ltr'>sensu,</span> <span class='ocrx_word' id='word_1_226' title='bbox 257 2460 371 2543; x_wconf 90' lang='lat' dir='ltr'>populi</span> <span class='ocrx_word' id='word_1_227' title='bbox 394 2460 561 2541; x_wconf 89' lang='lat' dir='ltr'>potentiae</span> <span class='ocrx_word' id='word_1_228' title='bbox 579 2480 647 2522; x_wconf 90' lang='lat' dir='ltr'>non</span> <span class='ocrx_word' id='word_1_229' title='bbox 669 2457 791 2523; x_wconf 90' lang='lat' dir='ltr'>amicus</span> <span class='ocrx_word' id='word_1_230' title='bbox 811 2462 844 2523; x_wconf 88' lang='lat' dir='ltr'>et</span> <span class='ocrx_word' id='word_1_231' title='bbox 866 2459 1073 2542; x_wconf 87' lang='lat' dir='ltr'>optimatium</span> <span class='ocrx_word' id='word_1_232' title='bbox 1096 2458 1215 2523; x_wconf 86' lang='lat' dir='ltr'>fautor.</span> <span class='ocrx_word' id='word_1_233' title='bbox 1246 2458 1300 2522; x_wconf 92' lang='lat' dir='ltr'>Ab</span> <span class='ocrx_word' id='word_1_234' title='bbox 1320 2474 1337 2522; x_wconf 86' lang='lat'>4</span> 
     </span>
     <span class='ocr_line' id='line_1_28' title="bbox 127 2544 1300 2635; baseline 0 -25"><span class='ocrx_word' id='word_1_235' title='bbox 127 2547 188 2613; x_wconf 90' lang='lat' dir='ltr'>hoc</span> <span class='ocrx_word' id='word_1_236' title='bbox 208 2548 384 2613; x_wconf 88' lang='lat' dir='ltr'>destitutus</span> <span class='ocrx_word' id='word_1_237' title='bbox 392 2544 430 2635; x_wconf 70' lang='lat' dir='ltr'>l³)</span> <span class='ocrx_word' id='word_1_238' title='bbox 450 2548 590 2631; x_wconf 88' lang='lat' dir='ltr'>primum</span> <span class='ocrx_word' id='word_1_239' title='bbox 609 2568 667 2630; x_wconf 92' lang='lat' dir='ltr'>per</span> <span class='ocrx_word' id='word_1_240' title='bbox 681 2546 930 2631; x_wconf 84' lang='lat' dir='ltr'>Thrasybulum,</span> <span class='ocrx_word' id='word_1_241' title='bbox 942 2545 1022 2631; x_wconf 84' lang='lat' dir='ltr'>Lyci</span> <span class='ocrx_word' id='word_1_242' title='bbox 1040 2547 1153 2631; x_wconf 90' lang='lat' dir='ltr'>filium,</span> <span class='ocrx_word' id='word_1_243' title='bbox 1172 2547 1300 2628; x_wconf 82' lang='lat' dir='ltr'>[a.411]</span> 
     </span>
     <span class='ocr_line' id='line_1_29' title="bbox 129 2632 1300 2721; baseline -0.001 -21"><span class='ocrx_word' id='word_1_244' title='bbox 129 2637 169 2699; x_wconf 91' lang='lat' dir='ltr'>ab</span> <span class='ocrx_word' id='word_1_245' title='bbox 189 2637 330 2700; x_wconf 84' lang='lat' dir='ltr'>exercitu</span> <span class='ocrx_word' id='word_1_246' title='bbox 349 2636 503 2720; x_wconf 91' lang='lat' dir='ltr'>recipitur</span> <span class='ocrx_word' id='word_1_247' title='bbox 521 2639 715 2720; x_wconf 90' lang='lat' dir='ltr'>praetorque</span> <span class='ocrx_word' id='word_1_248' title='bbox 734 2636 773 2699; x_wconf 90' lang='lat' dir='ltr'>fit</span> <span class='ocrx_word' id='word_1_249' title='bbox 788 2635 872 2719; x_wconf 90' lang='lat' dir='ltr'>apud</span> <span class='ocrx_word' id='word_1_250' title='bbox 887 2632 1029 2719; x_wconf 84' lang='lat' dir='ltr'>Samum,</span> <span class='ocrx_word' id='word_1_251' title='bbox 1047 2632 1168 2721; x_wconf 79' lang='lat' dir='ltr'>post¹⁴)</span> <span class='ocrx_word' id='word_1_252' title='bbox 1188 2635 1300 2700; x_wconf 88' lang='lat' dir='ltr'>suffra-</span> 
     </span>
     <span class='ocr_line' id='line_1_30' title="bbox 128 2721 1300 2810; baseline 0.002 -22"><span class='ocrx_word' id='word_1_253' title='bbox 128 2729 228 2808; x_wconf 80' lang='lat' dir='ltr'>gante</span> <span class='ocrx_word' id='word_1_254' title='bbox 247 2724 449 2790; x_wconf 86' lang='lat' dir='ltr'>Theramene</span> <span class='ocrx_word' id='word_1_255' title='bbox 466 2724 580 2808; x_wconf 89' lang='lat' dir='ltr'>populi</span> <span class='ocrx_word' id='word_1_256' title='bbox 600 2725 681 2789; x_wconf 91' lang='lat' dir='ltr'>scito</span> <span class='ocrx_word' id='word_1_257' title='bbox 701 2724 883 2789; x_wconf 90' lang='lat' dir='ltr'>restituitur</span> <span class='ocrx_word' id='word_1_258' title='bbox 900 2724 1034 2808; x_wconf 90' lang='lat' dir='ltr'>parique</span> <span class='ocrx_word' id='word_1_259' title='bbox 1042 2721 1081 2810; x_wconf 76' lang='grc'>15)</span> <span class='ocrx_word' id='word_1_260' title='bbox 1106 2724 1222 2789; x_wconf 89' lang='lat' dir='ltr'>absens</span> <span class='ocrx_word' id='word_1_261' title='bbox 1242 2724 1300 2790; x_wconf 93' lang='lat' dir='ltr'>im·</span> 
     </span>
     <span class='ocr_line' id='line_1_31' title="bbox 127 2811 1335 2897; baseline 0.001 -21"><span class='ocrx_word' id='word_1_262' title='bbox 127 2814 217 2897; x_wconf 92' lang='lat' dir='ltr'>perio</span> <span class='ocrx_word' id='word_1_263' title='bbox 241 2813 425 2897; x_wconf 89' lang='lat' dir='ltr'>praeficitur</span> <span class='ocrx_word' id='word_1_264' title='bbox 449 2814 545 2877; x_wconf 90' lang='lat' dir='ltr'>simul</span> <span class='ocrx_word' id='word_1_265' title='bbox 569 2833 641 2877; x_wconf 90' lang='lat' dir='ltr'>cum</span> <span class='ocrx_word' id='word_1_266' title='bbox 665 2811 871 2897; x_wconf 84' lang='lat' dir='ltr'>Thrasybulo</span> <span class='ocrx_word' id='word_1_267' title='bbox 898 2817 931 2877; x_wconf 91' lang='lat' dir='ltr'>et</span> <span class='ocrx_word' id='word_1_268' title='bbox 954 2812 1136 2897; x_wconf 87' lang='lat' dir='ltr'>Thrasyllo.</span> <span class='ocrx_word' id='word_1_269' title='bbox 1171 2811 1335 2879; x_wconf 75' lang='lat' dir='ltr'>Horumu</span> 
     </span>
     <span class='ocr_line' id='line_1_32' title="bbox 128 2900 1300 2987; baseline 0 -22"><span class='ocrx_word' id='word_1_270' title='bbox 128 2902 162 2965; x_wconf 91' lang='lat' dir='ltr'>in</span> <span class='ocrx_word' id='word_1_271' title='bbox 179 2901 316 2987; x_wconf 91' lang='lat' dir='ltr'>imperio</span> <span class='ocrx_word' id='word_1_272' title='bbox 335 2904 428 2966; x_wconf 88' lang='lat' dir='ltr'>tanta</span> <span class='ocrx_word' id='word_1_273' title='bbox 446 2902 657 2966; x_wconf 88' lang='lat' dir='ltr'>commutatio</span> <span class='ocrx_word' id='word_1_274' title='bbox 676 2922 784 2965; x_wconf 88' lang='lat' dir='ltr'>rerum</span> <span class='ocrx_word' id='word_1_275' title='bbox 802 2900 891 2967; x_wconf 87' lang='lat' dir='ltr'>facte</span> <span class='ocrx_word' id='word_1_276' title='bbox 909 2906 967 2986; x_wconf 91' lang='lat' dir='ltr'>est,</span> <span class='ocrx_word' id='word_1_277' title='bbox 991 2905 1028 2965; x_wconf 92' lang='lat' dir='ltr'>ut</span> <span class='ocrx_word' id='word_1_278' title='bbox 1045 2900 1300 2982; x_wconf 87' lang='lat' dir='ltr'>Lacedaemonii,</span> 
     </span>
    </p>
   </div>
   <div class='ocr_carea' id='block_1_4' title="bbox 125 3126 1304 3764">
    <p class='ocr_par' dir='ltr' id='par_1_5' title="bbox 178 3126 1248 3159">
     <span class='ocr_line' id='line_1_33' title="bbox 178 3126 1248 3159; baseline 0.001 -19"><span class='ocrx_word' id='word_1_279' title='bbox 178 3129 188 3159; x_wconf 65' lang='lat'><strong>1</strong></span> <span class='ocrx_word' id='word_1_280' title='bbox 279 3128 284 3139; x_wconf 93' lang='lat'>.</span> <span class='ocrx_word' id='word_1_281' title='bbox 761 3126 798 3138; x_wconf 90' lang='lat'>..</span> <span class='ocrx_word' id='word_1_282' title='bbox 1016 3127 1023 3140; x_wconf 90' lang='lat'>.</span> <span class='ocrx_word' id='word_1_283' title='bbox 1242 3129 1248 3141; x_wconf 94' lang='lat'>.</span> 
     </span>
    </p>

    <p class='ocr_par' dir='ltr' id='par_1_6' title="bbox 166 3126 1301 3277">
     <span class='ocr_line' id='line_1_34' title="bbox 166 3126 1301 3277; baseline -0.006 -25"><span class='ocrx_word' id='word_1_284' title='bbox 166 3128 200 3266; x_wconf 67' lang='lat' dir='ltr'>t}</span> <span class='ocrx_word' id='word_1_285' title='bbox 217 3127 647 3277; x_wconf 63' lang='lat' dir='ltr'>lrtttssrdlh‘sttrth.</span> <span class='ocrx_word' id='word_1_286' title='bbox 741 3126 1301 3256; x_wconf 49' lang='lat' dir='ltr'>ttrtssnstlttllb·sttuite</span> 
     </span>
    </p>

    <p class='ocr_par' dir='ltr' id='par_1_7' title="bbox 125 3266 1304 3764">
     <span class='ocr_line' id='line_1_35' title="bbox 166 3266 1304 3341; baseline 0.004 -17"><span class='ocrx_word' id='word_1_287' title='bbox 166 3270 200 3338; x_wconf 66' lang='grc'>13)</span> <span class='ocrx_word' id='word_1_288' title='bbox 219 3270 421 3340; x_wconf 84' lang='lat' dir='ltr'>Tissaphernes</span> <span class='ocrx_word' id='word_1_289' title='bbox 444 3268 501 3322; x_wconf 85' lang='lat' dir='ltr'>und</span> <span class='ocrx_word' id='word_1_290' title='bbox 526 3266 688 3322; x_wconf 84' lang='lat' dir='ltr'>Aleibssdes</span> <span class='ocrx_word' id='word_1_291' title='bbox 742 3268 845 3324; x_wconf 86' lang='lat' dir='ltr'>schloss</span> <span class='ocrx_word' id='word_1_292' title='bbox 871 3269 922 3323; x_wconf 87' lang='lat' dir='ltr'>des</span> <span class='ocrx_word' id='word_1_293' title='bbox 948 3269 1022 3324; x_wconf 90' lang='lat' dir='ltr'>Heer</span> <span class='ocrx_word' id='word_1_294' title='bbox 1048 3270 1093 3325; x_wconf 90' lang='lat' dir='ltr'>bei</span> <span class='ocrx_word' id='word_1_295' title='bbox 1116 3270 1227 3341; x_wconf 82' lang='lat' dir='ltr'>Samos,</span> <span class='ocrx_word' id='word_1_296' title='bbox 1253 3273 1304 3328; x_wconf 87' lang='lat' dir='ltr'>auf</span> 
     </span>
     <span class='ocr_line' id='line_1_36' title="bbox 127 3337 1301 3412; baseline 0.003 -18"><span class='ocrx_word' id='word_1_297' title='bbox 127 3341 295 3409; x_wconf 78' lang='lat' dir='ltr'>verlaugten</span> <span class='ocrx_word' id='word_1_298' title='bbox 327 3339 369 3394; x_wconf 91' lang='lat' dir='ltr'>als</span> <span class='ocrx_word' id='word_1_299' title='bbox 405 3338 574 3407; x_wconf 79' lang='lat' dir='ltr'>Bedingung</span> <span class='ocrx_word' id='word_1_300' title='bbox 612 3337 687 3393; x_wconf 88' lang='lat' dir='ltr'>eines</span> <span class='ocrx_word' id='word_1_301' title='bbox 741 3340 796 3393; x_wconf 90' lang='lat' dir='ltr'>den</span> <span class='ocrx_word' id='word_1_302' title='bbox 833 3341 890 3394; x_wconf 84' lang='lat' dir='ltr'>Rat</span> <span class='ocrx_word' id='word_1_303' title='bbox 925 3340 974 3394; x_wconf 90' lang='lat' dir='ltr'>des</span> <span class='ocrx_word' id='word_1_304' title='bbox 1011 3341 1202 3412; x_wconf 85' lang='lat' dir='ltr'>Thrasybulus</span> <span class='ocrx_word' id='word_1_305' title='bbox 1242 3345 1301 3400; x_wconf 87' lang='lat' dir='ltr'>und</span> 
     </span>
     <span class='ocr_line' id='line_1_37' title="bbox 128 3408 1300 3480; baseline 0.006 -16"><span class='ocrx_word' id='word_1_306' title='bbox 128 3409 262 3480; x_wconf 79' lang='lat' dir='ltr'>Vertrags</span> <span class='ocrx_word' id='word_1_307' title='bbox 295 3409 434 3465; x_wconf 81' lang='lat' dir='ltr'>zwischen</span> <span class='ocrx_word' id='word_1_308' title='bbox 461 3410 515 3464; x_wconf 90' lang='lat' dir='ltr'>den</span> <span class='ocrx_word' id='word_1_309' title='bbox 542 3408 687 3464; x_wconf 87' lang='lat' dir='ltr'>Athenern</span> <span class='ocrx_word' id='word_1_310' title='bbox 741 3411 915 3480; x_wconf 87' lang='lat' dir='ltr'>Thrasyllus,</span> <span class='ocrx_word' id='word_1_311' title='bbox 929 3428 965 3465; x_wconf 88' lang='lat' dir='ltr'>eu</span> <span class='ocrx_word' id='word_1_312' title='bbox 979 3410 1219 3469; x_wconf 84' lang='lat' dir='ltr'>derDemokratie</span> <span class='ocrx_word' id='word_1_313' title='bbox 1233 3415 1300 3471; x_wconf 86' lang='lat' dir='ltr'>fest·-</span> 
     </span>
     <span class='ocr_line' id='line_1_38' title="bbox 128 3479 1299 3548; baseline 0.006 -13"><span class='ocrx_word' id='word_1_314' title='bbox 128 3482 182 3536; x_wconf 91' lang='lat' dir='ltr'>und</span> <span class='ocrx_word' id='word_1_315' title='bbox 203 3481 321 3536; x_wconf 90' lang='lat' dir='ltr'>Persern</span> <span class='ocrx_word' id='word_1_316' title='bbox 340 3480 386 3534; x_wconf 91' lang='lat' dir='ltr'>die</span> <span class='ocrx_word' id='word_1_317' title='bbox 405 3480 585 3548; x_wconf 83' lang='lat' dir='ltr'>Herstelluug</span> <span class='ocrx_word' id='word_1_318' title='bbox 609 3479 686 3534; x_wconf 87' lang='lat' dir='ltr'>einer</span> <span class='ocrx_word' id='word_1_319' title='bbox 740 3481 881 3545; x_wconf 83' lang='lat' dir='ltr'>zuhulten,</span> <span class='ocrx_word' id='word_1_320' title='bbox 900 3482 1022 3537; x_wconf 66' lang='lat' dir='ltr'>erlrlbrte</span> <span class='ocrx_word' id='word_1_321' title='bbox 1036 3482 1096 3537; x_wconf 90' lang='lat' dir='ltr'>sich</span> <span class='ocrx_word' id='word_1_322' title='bbox 1112 3484 1158 3538; x_wconf 77' lang='lat' dir='ltr'>fur</span> <span class='ocrx_word' id='word_1_323' title='bbox 1172 3486 1222 3540; x_wconf 92' lang='lat' dir='ltr'>das</span> <span class='ocrx_word' id='word_1_324' title='bbox 1237 3503 1299 3541; x_wconf 92' lang='lat' dir='ltr'>sou·</span> 
     </span>
     <span class='ocr_line' id='line_1_39' title="bbox 126 3548 1298 3620; baseline 0.003 -13"><span class='ocrx_word' id='word_1_325' title='bbox 126 3552 164 3607; x_wconf 89' lang='lat' dir='ltr'>oli</span> <span class='ocrx_word' id='word_1_326' title='bbox 218 3552 349 3607; x_wconf 77' lang='lat' dir='ltr'>chirchen</span> <span class='ocrx_word' id='word_1_327' title='bbox 359 3550 532 3620; x_wconf 82' lang='lat' dir='ltr'>Verfassung</span> <span class='ocrx_word' id='word_1_328' title='bbox 545 3550 575 3603; x_wconf 90' lang='lat' dir='ltr'>iu</span> <span class='ocrx_word' id='word_1_329' title='bbox 587 3548 684 3605; x_wconf 88' lang='lat' dir='ltr'>Athen</span> <span class='ocrx_word' id='word_1_330' title='bbox 738 3556 841 3608; x_wconf 73' lang='lat' dir='ltr'>verane</span> <span class='ocrx_word' id='word_1_331' title='bbox 854 3552 929 3608; x_wconf 84' lang='lat' dir='ltr'>Volk</span> <span class='ocrx_word' id='word_1_332' title='bbox 947 3553 1004 3607; x_wconf 89' lang='lat' dir='ltr'>und</span> <span class='ocrx_word' id='word_1_333' title='bbox 1017 3555 1122 3608; x_wconf 74' lang='lat' dir='ltr'>wahlte</span> <span class='ocrx_word' id='word_1_334' title='bbox 1135 3554 1298 3612; x_wconf 87' lang='lat' dir='ltr'>Alcibiades</span> 
     </span>
     <span class='ocr_line' id='line_1_40' title="bbox 126 3571 1300 3696; baseline 0.006 -20"><span class='ocrx_word' id='word_1_335' title='bbox 126 3571 253 3677; x_wconf 55' lang='lat' dir='ltr'>undmdie</span> <span class='ocrx_word' id='word_1_336' title='bbox 273 3621 523 3691; x_wconf 77' lang='lat' dir='ltr'>Zuruckberufuug</span> <span class='ocrx_word' id='word_1_337' title='bbox 541 3621 589 3675; x_wconf 91' lang='lat' dir='ltr'>des</span> <span class='ocrx_word' id='word_1_338' title='bbox 607 3620 682 3675; x_wconf 89' lang='lat' dir='ltr'>Alci·</span> <span class='ocrx_word' id='word_1_339' title='bbox 737 3624 813 3679; x_wconf 91' lang='lat' dir='ltr'>samt</span> <span class='ocrx_word' id='word_1_340' title='bbox 834 3622 1023 3693; x_wconf 83' lang='lat' dir='ltr'>Thrasybulus</span> <span class='ocrx_word' id='word_1_341' title='bbox 1048 3626 1105 3680; x_wconf 88' lang='lat' dir='ltr'>und</span> <span class='ocrx_word' id='word_1_342' title='bbox 1136 3626 1300 3696; x_wconf 83' lang='lat' dir='ltr'>Thrasyllus</span> 
     </span>
     <span class='ocr_line' id='line_1_41' title="bbox 125 3691 950 3764; baseline 0.004 -18"><span class='ocrx_word' id='word_1_343' title='bbox 125 3692 232 3749; x_wconf 89' lang='lat' dir='ltr'>biades.</span> <span class='ocrx_word' id='word_1_344' title='bbox 269 3692 404 3747; x_wconf 81' lang='lat' dir='ltr'>Pisander</span> <span class='ocrx_word' id='word_1_345' title='bbox 434 3691 504 3762; x_wconf 79' lang='lat' dir='ltr'>ging</span> <span class='ocrx_word' id='word_1_346' title='bbox 531 3708 576 3746; x_wconf 90' lang='lat' dir='ltr'>am</span> <span class='ocrx_word' id='word_1_347' title='bbox 604 3691 683 3747; x_wconf 84' lang='lat' dir='ltr'>Ende</span> <span class='ocrx_word' id='word_1_348' title='bbox 738 3714 774 3749; x_wconf 85' lang='lat' dir='ltr'>zu</span> <span class='ocrx_word' id='word_1_349' title='bbox 792 3694 950 3764; x_wconf 78' lang='lat' dir='ltr'>Strategen.</span> 
     </span>
    </p>
   </div>
   <div class='ocr_carea' id='block_1_5' title="bbox 125 3762 1296 3867">
    <p class='ocr_par' dir='ltr' id='par_1_8' title="bbox 125 3762 1296 3867">
     <span class='ocr_line' id='line_1_42' title="bbox 125 3762 1296 3867; baseline 0.029 -41"><span class='ocrx_word' id='word_1_350' title='bbox 125 3764 174 3819; x_wconf 75' lang='lat'><strong>(10⁸</strong></span> <span class='ocrx_word' id='word_1_351' title='bbox 202 3763 302 3819; x_wconf 64' lang='lat' dir='ltr'>Jsshffi</span> <span class='ocrx_word' id='word_1_352' title='bbox 324 3768 376 3817; x_wconf 68' lang='grc' dir='ltr'>4Ῑῖ</span> <span class='ocrx_word' id='word_1_353' title='bbox 405 3763 478 3817; x_wconf 62' lang='lat'><strong>”²⁰¹¹</strong></span> <span class='ocrx_word' id='word_1_354' title='bbox 505 3762 600 3816; x_wconf 55' lang='lat' dir='ltr'>Athen</span> <span class='ocrx_word' id='word_1_355' title='bbox 625 3762 684 3816; x_wconf 67' lang='lat' dir='ltr'>und</span> <span class='ocrx_word' id='word_1_356' title='bbox 777 3799 809 3865; x_wconf 87' lang='lat'>¹⁴)</span> <span class='ocrx_word' id='word_1_357' title='bbox 827 3799 1296 3867; x_wconf 86' lang='lat' dir='ltr'>IndemselbenJahre,aberuaeh</span> 
     </span>
    </p>
   </div>
   <div class='ocr_carea' id='block_1_6' title="bbox 126 3832 1298 3998">
    <p class='ocr_par' dir='ltr' id='par_1_9' title="bbox 126 3832 1298 3998">
     <span class='ocr_line' id='line_1_43' title="bbox 126 3832 1298 3940; baseline 0.027 -41"><span class='ocrx_word' id='word_1_358' title='bbox 126 3834 223 3889; x_wconf 62' lang='lat' dir='ltr'>fllellie</span> <span class='ocrx_word' id='word_1_359' title='bbox 242 3835 307 3916; x_wconf 63' lang='lat' dir='ltr'>(¹⁰‚rl</span> <span class='ocrx_word' id='word_1_360' title='bbox 325 3832 461 3921; x_wconf 60' lang='lat' dir='ltr'>erkfifhr</span> <span class='ocrx_word' id='word_1_361' title='bbox 480 3832 575 3913; x_wconf 63' lang='lat' dir='ltr'>indm</span> <span class='ocrx_word' id='word_1_362' title='bbox 592 3849 622 3887; x_wconf 60' lang='lat' dir='ltr'>er</span> <span class='ocrx_word' id='word_1_363' title='bbox 636 3834 686 3887; x_wconf 61' lang='lat' dir='ltr'>auf</span> <span class='ocrx_word' id='word_1_364' title='bbox 738 3871 801 3925; x_wconf 87' lang='lat' dir='ltr'>dem</span> <span class='ocrx_word' id='word_1_365' title='bbox 822 3870 918 3925; x_wconf 80' lang='lat' dir='ltr'>Sturue</span> <span class='ocrx_word' id='word_1_366' title='bbox 937 3871 985 3924; x_wconf 92' lang='lat' dir='ltr'>des</span> <span class='ocrx_word' id='word_1_367' title='bbox 1005 3869 1230 3940; x_wconf 82' lang='lat' dir='ltr'>eligarchischeu</span> <span class='ocrx_word' id='word_1_368' title='bbox 1243 3875 1298 3930; x_wconf 90' lang='lat' dir='ltr'>Re·</span> 
     </span>
     <span class='ocr_line' id='line_1_44' title="bbox 126 3902 1073 3998; baseline 0.033 -31"><span class='ocrx_word' id='word_1_369' title='bbox 126 3906 175 3961; x_wconf 66' lang='lat' dir='ltr'>dafl</span> <span class='ocrx_word' id='word_1_370' title='bbox 208 3907 351 3974; x_wconf 60' lang='lat' dir='ltr'>Pffilflsshll</span> <span class='ocrx_word' id='word_1_371' title='bbox 383 3903 509 3957; x_wconf 59' lang='lat' dir='ltr'>Rundffls</span> <span class='ocrx_word' id='word_1_372' title='bbox 541 3902 684 3974; x_wconf 69' lang='lat' dir='ltr'>H⁰ff¹¹¹²¹¹3</span> <span class='ocrx_word' id='word_1_373' title='bbox 758 3941 861 3996; x_wconf 87' lang='lat' dir='ltr'>iments</span> <span class='ocrx_word' id='word_1_374' title='bbox 879 3941 909 3995; x_wconf 92' lang='lat' dir='ltr'>in</span> <span class='ocrx_word' id='word_1_375' title='bbox 926 3939 1028 3997; x_wconf 87' lang='lat' dir='ltr'>Athen.</span> <span class='ocrx_word' id='word_1_376' title='bbox 1066 3984 1073 3998; x_wconf 91' lang='lat'>.</span> 
     </span>
    </p>
   </div>
   <div class='ocr_carea' id='block_1_7' title="bbox 124 4043 1299 4403">
    <p class='ocr_par' dir='ltr' id='par_1_10' title="bbox 124 4043 1299 4403">
     <span class='ocr_line' id='line_1_45' title="bbox 124 4043 1299 4118; baseline 0.003 -16"><span class='ocrx_word' id='word_1_377' title='bbox 124 4048 241 4116; x_wconf 81' lang='lat' dir='ltr'>fassung</span> <span class='ocrx_word' id='word_1_378' title='bbox 266 4048 340 4115; x_wconf 81' lang='grc'><strong>(411)</strong></span> <span class='ocrx_word' id='word_1_379' title='bbox 364 4045 422 4100; x_wconf 88' lang='lat' dir='ltr'>her.</span> <span class='ocrx_word' id='word_1_380' title='bbox 459 4045 540 4098; x_wconf 86' lang='lat' dir='ltr'>Danu</span> <span class='ocrx_word' id='word_1_381' title='bbox 563 4043 632 4115; x_wconf 78' lang='lat' dir='ltr'>ging</span> <span class='ocrx_word' id='word_1_382' title='bbox 655 4063 685 4099; x_wconf 90' lang='lat' dir='ltr'>er</span> <span class='ocrx_word' id='word_1_383' title='bbox 778 4048 811 4118; x_wconf 78' lang='lat'>¹⁶)</span> <span class='ocrx_word' id='word_1_384' title='bbox 843 4047 876 4103; x_wconf 90' lang='lat' dir='ltr'>D.</span> <span class='ocrx_word' id='word_1_385' title='bbox 895 4048 922 4101; x_wconf 94' lang='lat' dir='ltr'>h.</span> <span class='ocrx_word' id='word_1_386' title='bbox 947 4063 976 4102; x_wconf 89' lang='lat' dir='ltr'>es</span> <span class='ocrx_word' id='word_1_387' title='bbox 1002 4048 1096 4102; x_wconf 87' lang='lat' dir='ltr'>wurde</span> <span class='ocrx_word' id='word_1_388' title='bbox 1122 4049 1176 4103; x_wconf 90' lang='lat' dir='ltr'>den</span> <span class='ocrx_word' id='word_1_389' title='bbox 1201 4050 1299 4107; x_wconf 88' lang='lat' dir='ltr'>dreien</span> 
     </span>
     <span class='ocr_line' id='line_1_46' title="bbox 124 4113 1297 4177; baseline 0.005 -6"><span class='ocrx_word' id='word_1_390' title='bbox 124 4119 198 4173; x_wconf 89' lang='lat' dir='ltr'>noch</span> <span class='ocrx_word' id='word_1_391' title='bbox 240 4117 344 4171; x_wconf 88' lang='lat' dir='ltr'>einmul</span> <span class='ocrx_word' id='word_1_392' title='bbox 379 4115 422 4171; x_wconf 87' lang='lat' dir='ltr'>als</span> <span class='ocrx_word' id='word_1_393' title='bbox 459 4113 614 4170; x_wconf 82' lang='lat' dir='ltr'>Gesandter</span> <span class='ocrx_word' id='word_1_394' title='bbox 652 4134 685 4170; x_wconf 83' lang='lat' dir='ltr'>zu</span> <span class='ocrx_word' id='word_1_395' title='bbox 738 4118 862 4173; x_wconf 88' lang='lat' dir='ltr'>disselbe</span> <span class='ocrx_word' id='word_1_396' title='bbox 894 4118 999 4173; x_wconf 77' lang='lat' dir='ltr'>Wtrde</span> <span class='ocrx_word' id='word_1_397' title='bbox 1024 4136 1089 4174; x_wconf 85' lang='lat' dir='ltr'>vom</span> <span class='ocrx_word' id='word_1_398' title='bbox 1116 4119 1208 4176; x_wconf 84' lang='lat' dir='ltr'>Volke</span> <span class='ocrx_word' id='word_1_399' title='bbox 1237 4140 1297 4177; x_wconf 88' lang='lat' dir='ltr'>ver-</span> 
     </span>
     <span class='ocr_line' id='line_1_47' title="bbox 125 4185 1297 4256; baseline 0.004 -14"><span class='ocrx_word' id='word_1_400' title='bbox 125 4188 206 4243; x_wconf 88' lang='lat' dir='ltr'>Tissa</span> <span class='ocrx_word' id='word_1_401' title='bbox 227 4189 337 4256; x_wconf 87' lang='lat' dir='ltr'>hernes,</span> <span class='ocrx_word' id='word_1_402' title='bbox 356 4204 404 4241; x_wconf 90' lang='lat' dir='ltr'>um</span> <span class='ocrx_word' id='word_1_403' title='bbox 423 4185 477 4241; x_wconf 88' lang='lat' dir='ltr'>den</span> <span class='ocrx_word' id='word_1_404' title='bbox 496 4185 619 4254; x_wconf 83' lang='lat' dir='ltr'>Vertrag</span> <span class='ocrx_word' id='word_1_405' title='bbox 636 4187 685 4241; x_wconf 88' lang='lat' dir='ltr'>ab·</span> <span class='ocrx_word' id='word_1_406' title='bbox 738 4189 842 4256; x_wconf 83' lang='lat' dir='ltr'>lichen,</span> <span class='ocrx_word' id='word_1_407' title='bbox 862 4206 896 4242; x_wconf 86' lang='lat' dir='ltr'>zu</span> <span class='ocrx_word' id='word_1_408' title='bbox 911 4189 961 4243; x_wconf 87' lang='lat' dir='ltr'>der</span> <span class='ocrx_word' id='word_1_409' title='bbox 979 4190 1018 4244; x_wconf 90' lang='lat' dir='ltr'>sie</span> <span class='ocrx_word' id='word_1_410' title='bbox 1037 4190 1140 4246; x_wconf 88' lang='lat' dir='ltr'>bereits</span> <span class='ocrx_word' id='word_1_411' title='bbox 1160 4191 1209 4246; x_wconf 85' lang='lat' dir='ltr'>das</span> <span class='ocrx_word' id='word_1_412' title='bbox 1223 4194 1297 4249; x_wconf 89' lang='lat' dir='ltr'>Heer</span> 
     </span>
     <span class='ocr_line' id='line_1_48' title="bbox 125 4206 1296 4337; baseline 0.005 -24"><span class='ocrx_word' id='word_1_413' title='bbox 125 4206 320 4326; x_wconf 80' lang='lat' dir='ltr'>ruschliessen,</span> <span class='ocrx_word' id='word_1_414' title='bbox 339 4259 446 4312; x_wconf 84' lang='lat' dir='ltr'>konute</span> <span class='ocrx_word' id='word_1_415' title='bbox 460 4255 520 4337; x_wconf 76' lang='lat' dir='ltr'>sich</span> <span class='ocrx_word' id='word_1_416' title='bbox 534 4256 603 4310; x_wconf 88' lang='lat' dir='ltr'>aber</span> <span class='ocrx_word' id='word_1_417' title='bbox 618 4257 686 4337; x_wconf 69' lang='lat' dir='ltr'>dher</span> <span class='ocrx_word' id='word_1_418' title='bbox 738 4259 855 4314; x_wconf 82' lang='lat' dir='ltr'>berufen</span> <span class='ocrx_word' id='word_1_419' title='bbox 888 4260 979 4315; x_wconf 84' lang='lat' dir='ltr'>hatte.</span> <span class='ocrx_word' id='word_1_420' title='bbox 1016 4262 1062 4316; x_wconf 87' lang='lat' dir='ltr'>Sie</span> <span class='ocrx_word' id='word_1_421' title='bbox 1094 4264 1209 4317; x_wconf 85' lang='lat' dir='ltr'>wurden</span> <span class='ocrx_word' id='word_1_422' title='bbox 1236 4265 1296 4320; x_wconf 89' lang='lat' dir='ltr'>also</span> 
     </span>
     <span class='ocr_line' id='line_1_49' title="bbox 125 4327 1231 4403; baseline 0.005 -21"><span class='ocrx_word' id='word_1_423' title='bbox 125 4329 170 4384; x_wconf 93' lang='lat' dir='ltr'>die</span> <span class='ocrx_word' id='word_1_424' title='bbox 197 4329 402 4398; x_wconf 84' lang='lat' dir='ltr'>Bedingungen</span> <span class='ocrx_word' id='word_1_425' title='bbox 435 4328 489 4380; x_wconf 80' lang='lat' dir='ltr'>mit</span> <span class='ocrx_word' id='word_1_426' title='bbox 520 4327 579 4381; x_wconf 90' lang='lat' dir='ltr'>ihm</span> <span class='ocrx_word' id='word_1_427' title='bbox 606 4329 686 4382; x_wconf 82' lang='lat' dir='ltr'>nlcht</span> <span class='ocrx_word' id='word_1_428' title='bbox 738 4329 875 4399; x_wconf 84' lang='lat' dir='ltr'>lediglich</span> <span class='ocrx_word' id='word_1_429' title='bbox 893 4348 958 4388; x_wconf 83' lang='lat' dir='ltr'>vom</span> <span class='ocrx_word' id='word_1_430' title='bbox 977 4331 1068 4387; x_wconf 85' lang='lat' dir='ltr'>Volke</span> <span class='ocrx_word' id='word_1_431' title='bbox 1087 4332 1231 4403; x_wconf 72' lang='lat' dir='ltr'>bestdtigt.</span> 
     </span>
    </p>
   </div>
   <div class='ocr_carea' id='block_1_8' title="bbox 0 0 1484 4759">
    <p class='ocr_par' dir='ltr' id='par_1_11' title="bbox 0 0 1484 4759">
     <span class='ocr_line' id='line_1_50' title="bbox 0 0 1484 4759; baseline 0 0"><span class='ocrx_word' id='word_1_432' title='bbox 0 0 1484 4759; x_wconf 95' lang='lat' dir='ltr'> </span> 
     </span>
    </p>
   </div>
  </div>
 </body>
</html>
