2959 4759
171 176 216 241 24
558 177 618 233 Vll.
645 177 870 235 ALCIBIADES.
893 185 919 233 6.
934 183 958 233 7.

174 340 230 425 qui
256 339 355 425 paulo
384 341 461 404 ante
490 338 628 405 victores
656 340 842 426 viguerant,
873 339 1038 423 perterriti
1064 361 1178 424 pacem
1208 341 1249 420 [a.
1267 341 1355 421 410]

173 433 332 512 paterent.
376 427 467 493 Victi
489 428 575 493 enim
605 433 699 494 erant
727 429 948 512 compluribus
970 428 1102 513 proeliis
1129 429 1358 512 terrestribus,

173 516 281 581 tribus
308 516 495 599 navalibus,
523 516 640 601 quibus
671 517 826 583 ducentas
852 538 952 582 nares
984 517 1131 581 triremes
1164 516 1357 601 amiserant,

175 626 258 689 quae
282 606 334 670 vel
362 604 528 670 demersae
552 608 647 670 erant
668 606 720 671 vel
749 608 863 690 captae
887 607 921 670 in
944 605 1087 671 hostium
1114 614 1269 670 venerant
1290 626 1355 689 po-

141 696 339 847 ιὲθώήῑξῗο
364 780 551 847 Alcibiades
588 781 684 846 simul
717 802 790 846 eum
823 782 957 866 collegis
988 785 1157 866 receperat
1167 778 1206 866 16)
1236 780 1355 847 Ioniae

173 873 313 955 partem,
337 870 601 955 Hellespontum,
625 871 745 935 multas
768 874 935 955 praeterea
962 870 1058 935 urbes
1083 868 1238 953 Graecas,
1267 892 1354 954 quae
1468 933 1469 944 ,

173 959 208 1023 in
237 981 296 1024 ora
324 959 405 1024 sitae
433 963 511 1023 sunt
534 958 726 1040 Thraeciae,
749 980 885 1043 quarum
909 961 1133 1043 expugnarant
1155 959 1354 1044 complures,

173 1048 208 1112 in
230 1047 282 1112 his
305 1046 513 1132 Byzantium,
534 1068 640 1131 neque
662 1047 770 1111 minus
793 1048 915 1111 multas
938 1047 1075 1112 consilio
1106 1046 1147 1110 ad
1170 1047 1353 1111 amicitiam
1468 1071 1469 1078 ¹

139 1151 155 1201 a
175 1136 398 1220 adiunxerant,
422 1136 507 1219 quod
531 1136 566 1200 in
583 1138 697 1221 captos
717 1136 889 1200 elementia
906 1135 1036 1201 fuerant
1053 1135 1113 1200 usi.
1139 1134 1192 1200 Ita
1216 1136 1258 1215 [a.
1267 1135 1351 1217 408]

174 1224 324 1289 maximis
351 1223 449 1288 rebus
476 1224 579 1308 gestis
606 1222 727 1308 praeda
755 1224 865 1289 onusti
888 1224 1036 1288 Athenas
1059 1227 1225 1288 venerunt.
1272 1222 1352 1299 Qui-
1469 1219 1470 1230 ’

173 1313 234 1378 bus
268 1334 341 1378 cunr
372 1311 503 1377 obviam
535 1311 687 1377 universa
719 1313 835 1377 civitas
862 1312 897 1376 in
924 1311 1094 1377 Piraeeum
1124 1311 1351 1396 descendisset,

174 1404 267 1467 tanta
293 1400 358 1465 fuit
385 1400 529 1465 omnium
558 1401 759 1485 exspectatio
782 1400 908 1465 visendi
931 1399 1124 1483 Alcibiadis,
1151 1404 1189 1465 ut
1216 1400 1351 1465 adeius
1470 1411 1471 1422 ¹

177 1489 342 1554 triremem
374 1489 491 1574 vulgus
522 1488 713 1571 conflueret,
745 1489 880 1573 proinde
908 1511 946 1554 ac
974 1489 1002 1554 si
1034 1488 1123 1553 solus
1156 1487 1352 1556 advenisset.

141 1576 231 1643 aSie
264 1577 351 1642 enim
378 1578 499 1662 populo
528 1581 598 1644 erat
628 1598 832 1661 persuasum,
860 1579 893 1641 et
921 1577 1074 1642 adversas
1103 1577 1286 1660 superiores
1318 1582 1352 1643 et

174 1669 363 1751 praesentes
387 1664 544 1730 secundas
568 1686 619 1729 res
639 1665 795 1730 accidisse
818 1665 906 1730 illius
929 1687 1037 1749 opera.
1074 1664 1188 1748 Itaque
1207 1669 1241 1729 et
1262 1687 1351 1730 exer-

176 1755 275 1820 citum
299 1753 334 1818 in
353 1751 464 1818 Sicilia
487 1753 643 1819 amissum
663 1758 696 1818 et
716 1753 1045 1818 Lacedaemoniorum
1063 1753 1217 1818 victorias
1236 1755 1351 1837 eulpae
1471 1745 1472 1760 ¹

178 1864 256 1908 suae
278 1842 478 1926 tribuebant,
501 1843 587 1926 quod
610 1842 710 1907 talem
728 1843 834 1907 virum
857 1864 874 1906 e
894 1842 1028 1907 civitate
1048 1841 1255 1925 expulissent.
1288 1841 1352 1907 Ne·

177 1953 239 2016 que
266 1930 298 1995 id
327 1930 396 1995 sine
423 1952 521 1995 causa
549 1930 703 1995 arbitrari
730 1930 934 1997 videbantur.
979 1928 1066 1996 Nam
1093 1933 1271 2015 postquam
1293 1931 1351 1995 ille

178 2020 333 2085 exercitui
352 2039 500 2102 praeesse
515 2022 675 2102 coeperat,
688 2040 793 2103 neque
807 2023 895 2084 terra
908 2040 1012 2103 neque
1026 2018 1110 2083 mari
1127 2019 1241 2084 hostes
1255 2040 1350 2103 pares

141 2124 248 2173 lesse
279 2110 465 2192 potuerant.
511 2106 555 2173 Ut
586 2107 689 2193 igitur
718 2129 736 2171 e
767 2106 843 2172 nari
874 2128 1023 2192 egressus
1056 2110 1120 2190 est,
1153 2129 1352 2191 quamquam

124 2221 133 2235 ·
176 2196 369 2280 Thrasyllus
398 2199 430 2259 et
453 2194 676 2281 Thrasybulus
698 2195 803 2261 isdem
826 2196 922 2261 rebus
949 2195 1160 2280 praefuerant
1190 2195 1351 2279 simulque

178 2289 332 2350 venerant
347 2286 382 2349 in
394 2284 574 2368 Piraeeum,
587 2289 699 2349 tamen
713 2306 813 2349 unum
828 2305 940 2349 ornnes
955 2285 1049 2349 illum
1063 2285 1351 2368 prosequebantur,

177 2376 218 2456 et,
233 2374 265 2437 id
280 2373 367 2458 quod
380 2394 559 2456 numquam
573 2373 641 2437 fere
655 2378 752 2438 antea
766 2395 826 2438 usu
842 2375 973 2437 venerat
986 2373 1050 2437 nisi
1064 2370 1235 2457 Olympiae
1250 2373 1352 2438 victo·
1473 2367 1474 2394 ³

177 2461 278 2545 ribus,
293 2462 421 2527 coronis
434 2461 555 2525 laureis
570 2461 751 2545 taeniisque
764 2462 864 2547 vulgo
879 2461 1068 2526 donabatur.
1097 2460 1157 2524 Ille
1176 2461 1352 2526 lacrimans

177 2551 278 2616 talem
310 2549 571 2615 benevolentiam
602 2549 720 2614 civium
754 2571 885 2615 suorum
914 2548 1107 2633 accipiebat,
1136 2549 1301 2614 reminisci
1312 2545 1353 2636 ¹⁷)

143 2655 159 2703 e
178 2637 310 2723 pristini
337 2638 494 2721 temporis
523 2638 743 2703 acerbitatem.
787 2638 968 2723 Postquam
990 2639 1025 2703 in
1048 2640 1122 2702 astu
1144 2638 1248 2722 venit,
1277 2658 1351 2703 con·

178 2727 267 2793 tione
291 2726 448 2791 advocata
472 2726 519 2790 sic
536 2726 636 2791 rerba
658 2726 745 2804 fecit,
769 2731 806 2791 ut
823 2748 918 2791 nemo
942 2729 1012 2791 tam
1029 2725 1117 2791 ferus
1139 2725 1249 2809 fuerit,
1273 2727 1351 2811 quin

180 2815 248 2881 eius
272 2815 363 2879 casui
385 2813 592 2879 illacrimarit
613 2814 844 2898 inimicumque
864 2814 931 2879 illis
950 2836 985 2879 se
1004 2813 1190 2896 ostenderit,
1214 2836 1352 2899 quornm

179 2925 278 2989 opera
305 2903 412 2987 patria
438 2903 552 2987 pulsus
574 2902 696 2984 fuerat,
723 2903 857 2987 proinde
882 2904 971 2969 acsi
999 2903 1082 2967 alius
1105 2903 1258 2988 populus,
1286 2925 1352 2968 non

144 3009 159 3058 e
179 2993 234 3057 ille
258 2993 337 3076 ipse,
361 2991 416 3076 qui
439 2996 509 3056 tum
531 2992 638 3074 flebat,
662 3014 734 3056 eum
760 2991 921 3077 sacrilegii
945 2992 1141 3056 damnasset.
1186 2991 1352 3056 Restituta

179 3102 256 3165 ergo
277 3080 306 3145 ei
330 3083 406 3146 sunt
424 3080 552 3165 publice
571 3080 667 3165 bona,
689 3081 838 3166 idemque
857 3080 907 3145 illi
925 3078 1140 3164 Eumolpidae
1159 3080 1352 3161 sacerdotes,

180 3170 235 3255 qui
259 3192 333 3234 eurn
357 3169 568 3271 devoverant,
591 3191 706 3272 rursus
726 3170 856 3253 expiare
879 3171 958 3234 sunt
985 3168 1109 3269 coacti,
1131 3168 1262 3252 pilaque
1285 3168 1353 3251 illa,

145 3281 212 3412 1¹¹¹
236 3257 464 3411 (1ῈῖἮῖἑέ
478 3259 1231 3411 tuttelstettrtirttttt..
1264 3343 1352 3410 um

179 3457 254 3501 cum
273 3435 304 3498 ei
322 3455 435 3498 omnes
454 3436 563 3497 essent
585 3433 725 3498 honores
745 3432 865 3499 decreti
888 3436 1024 3517 totaque
1043 3454 1094 3498 res
1112 3433 1245 3517 publiea
1263 3433 1352 3498 domi

179 3524 320 3607 bellique
338 3521 469 3601 tradita,
491 3525 530 3585 ut
547 3520 643 3585 unius
661 3522 798 3586 arbitrio
817 3525 994 3607 gereretur,
1013 3525 1046 3586 et
1064 3522 1135 3604 ipse
1153 3522 1353 3605 postulasset

178 3616 216 3677 ut
238 3612 302 3676 duo
327 3610 389 3674 sibi
413 3609 557 3694 collegae
581 3608 744 3694 darentur,
766 3630 870 3693 neque
892 3609 925 3673 id
948 3612 1105 3693 negatum
1129 3613 1224 3691 assat,
1247 3610 1351 3676 classe

177 3700 213 3764 in
236 3698 350 3763 Asiam
378 3696 559 3782 profectus,
586 3696 671 3781 quod
700 3698 785 3782 apud
813 3698 981 3783 Ephesum
1008 3700 1115 3763 minus
1143 3720 1182 3763 ax
1206 3699 1248 3780 [a.
1271 3699 1351 3780 407]

142 3786 342 3854 asententia
368 3808 437 3851 rem
466 3790 626 3870 gesserat,
652 3786 686 3850 in
713 3786 870 3852 invidiam
897 3786 1028 3852 recidit:
1054 3785 1136 3851 nihil
1164 3787 1250 3851 enim
1279 3809 1352 3852 eum

178 3897 245 3941 non
272 3896 367 3959 posse
392 3875 519 3941 efficere
542 3874 711 3941 ducebant.
756 3873 807 3939 Ex
830 3896 893 3960 quo
921 3875 1022 3940 fiebat
1044 3877 1081 3939 ut
1105 3876 1215 3940 omnia
1244 3876 1351 3942 minus

178 3985 333 4050 prospere
352 3967 445 4050 gesta
459 3964 574 4048 culpae
589 3964 657 4029 eius
676 3964 865 4049 tribuerent,
883 3986 956 4029 cum
971 3967 1028 4028 aut
1042 3985 1116 4028 eum
1123 3960 1163 4051 18)
1181 3964 1352 4051 neglegen-

217 4120 250 4191 ια)
268 4118 331 4175 Von
345 4118 458 4176 hieran
470 4119 604 4175 beriehen
618 4119 678 4176 sich
692 4119 738 4175 die
833 4120 866 4187 17)
884 4120 965 4173 Anrn.
984 4137 1018 4174 au
1036 4118 1116 4174 Eum.
1135 4118 1183 4188 IX,
1203 4125 1228 4173 1.

178 4191 358 4261 Plusquamp.
377 4192 457 4247 nicht
475 4191 555 4246 mehr
573 4193 625 4247 auf
638 4206 738 4262 pacem
832 4191 864 4260 ¹⁸)
884 4189 936 4244 Die
959 4189 1169 4260 Einschiebung
1192 4189 1269 4245 eines
1292 4194 1354 4247 ton·

178 4264 308 4333 peterent
326 4263 415 4331 (410),
439 4263 558 4317 sondern
582 4263 632 4318 aul
652 4261 738 4317 Athe·
792 4261 871 4316 losen
893 4262 1063 4316 Pronomens
1086 4260 1181 4314 hinter
1204 4261 1283 4316 einer
1305 4263 1353 4317 ba·

178 4349 230 4389 nas
248 4337 386 4389 venerunt
404 4335 477 4401 (408)
495 4331 543 4400 vl,
562 4338 587 4387 2.
791 4334 891 4387 tantan
913 4331 1040 4385 Partilrel
1062 4330 1130 4385 laist
1153 4331 1212 4385 sich
1230 4330 1353 4387 vielfach
