2959 4759
511 245 585 301 XVI.
617 243 829 302 PELOPIDAS.
854 252 878 301 3.
898 253 923 301 4.
1026 240 1032 253 ⁹
1258 244 1300 310 57

136 412 184 472 tus
202 429 266 472 una
291 411 487 474 consuerant
509 407 643 493 epulari.
679 407 818 492 Magnae
838 429 934 493 saepe
952 430 1004 473 res
1023 430 1090 474 non
1110 409 1158 472 ita
1174 407 1303 494 magnis
1322 425 1338 472 3

135 497 229 580 copiis
253 501 330 562 sunt
352 500 475 582 gestae,
495 497 552 561 sed
569 497 716 580 profecto
739 518 917 582 numquam
939 500 1009 561 tam
1032 497 1072 562 ab
1096 497 1186 562 tenui
1206 496 1301 562 initio

133 588 237 649 tantae
256 601 346 672 ‘opes
379 590 457 650 sunt
483 585 684 671 profligatae.
729 582 815 649 Nam
849 585 1017 650 duodecim
1048 584 1302 651 abdulesoentuli

133 674 273 739 coierunt
302 696 340 738 ex
368 675 422 754 iis,
452 675 508 759 qui
536 674 651 739 exsilio
680 677 772 738 erant
798 674 942 758 multati,
974 696 1048 739 oum
1076 675 1207 738 omnino
1235 696 1302 740 non

133 766 237 827 essent
260 762 400 846 amplius
424 760 694 848 quinquaginta⁸)
718 762 773 845 qui
795 766 890 827 tanto
914 784 948 827 se
972 762 1126 828 offerrent
1148 762 1302 845 periculo.

132 849 199 927 Qua
219 852 384 936 paucitate
406 853 556 935 perculsa
580 855 630 916 est
647 850 976 917 Lacedaemoniorum
995 850 1152 936 potentia
1189 849 1303 935 Neque
1322 865 1339 913 4

130 940 213 1004 enim
239 943 310 1004 tam
333 940 591 1005 aduersariorum
617 938 754 1004 factioni
777 960 873 1023 quam
896 937 1067 1022 Spartanis
1096 961 1134 1004 eo
1156 942 1304 1024 tempore

130 1029 250 1093 bellum
286 1029 482 1096 intulerunt:
519 1029 639 1114 quique
674 1028 839 1111 principes
876 1033 970 1093 eraut
1006 1028 1108 1093 totius
1141 1027 1305 1112 Graeciae,

131 1139 238 1182 eorum
271 1117 400 1200 imperii
433 1117 600 1200 maiestas,
631 1114 768 1202 neque9)
801 1116 850 1181 ita
881 1116 985 1181 multo
1015 1120 1104 1202 post,
1134 1115 1305 1181 Leuctrica

129 1226 240 1291 pugna
268 1205 420 1271 concidit.
465 1204 519 1269 Illi
546 1204 648 1290 igitur
674 1203 858 1290 duodecim,
886 1205 1061 1289 inquibus
1085 1204 1340 1288 eratPelopi-a

14 1307 17 1318 '
129 1295 199 1377 das,
232 1315 307 1359 oum
338 1293 478 1358 Athenis
510 1293 653 1358 interdiu
680 1294 838 1377 exissent,
868 1298 907 1359 ut
940 1296 1182 1379 vesperascente
1214 1293 1304 1358 caelo

131 1382 261 1447 Thebas
275 1386 410 1467 possent
428 1383 607 1466 pervenire,
626 1381 666 1447 ad
680 1381 845 1447 vitandam
866 1382 1085 1465 suspicionem
1103 1382 1186 1447 retia
1201 1382 1305 1446 teren-

128 1474 178 1537 tes
207 1493 281 1537 cum
310 1471 443 1535 canibus
471 1471 629 1536 venaticis
656 1471 779 1536 vestitu
802 1470 924 1556 agresti
946 1471 1010 1535 iter
1032 1471 1188 1536 fecerunt:
1218 1492 1305 1535 cum·

129 1582 190 1644 que
213 1564 361 1645 tempore
384 1558 471 1643 ipso,
494 1581 558 1643 quo
582 1559 784 1643 studuerant,
806 1560 1044 1644 pervenissent,
1067 1560 1199 1625 domum
1222 1557 1305 1624 (lha-

129 1649 217 1713 ronis
241 1648 459 1713 deverterunt.

215 1735 276 1801 III.
313 1735 386 1801 Hoc
417 1737 489 1801 loco
521 1735 604 1800 libet
633 1735 855 1819 interponere,
888 1736 951 1800 etsi
982 1737 1164 1800 seiunctum
1198 1736 1239 1800 ab
1270 1751 1341 1800 rei

14 1813 15 1818 ἵ
128 1825 297 1910 proposita
325 1828 391 1908 est,
422 1824 524 1888 nimia
552 1824 671 1888 fiducia
702 1828 843 1907 quantae
875 1824 1057 1889 calamitati
1090 1825 1195 1889 soleat
1227 1845 1305 1889 esse.

128 1913 214 1980 Nam
237 1914 491 1996 magistratuum
514 1912 743 1977 Thebanorum
770 1912 812 1977 ad
835 1933 928 1977 aures
952 1913 1098 1996 pervenit
1121 1913 1246 1977 exsules
1270 1912 1305 1976 in

126 2004 240 2068 urbem
264 2003 401 2068 venisse.
437 2001 475 2066 Id
493 2001 543 2065 illi
562 2002 636 2066 rino
650 2001 827 2086 ‘epulisque
846 2001 946 2066 dediti
969 2022 1070 2085 usque
1094 2021 1132 2066 eo
1154 2002 1305 2083 despexe·

128 2095 216 2173 runt,
243 2095 282 2155 ut
309 2112 351 2155 ne
379 2111 532 2174 quaerere
560 2089 692 2174 quidem
718 2092 812 2154 tanta
839 2089 878 2153 de
901 2111 937 2153 re
961 2089 1141 2154 accuratius
1150 2085 1187 2174 ¹⁰)
1217 2088 1306 2154 labo·

128 2183 248 2245 rarent.
283 2179 432 2244 Accessit
450 2177 535 2262 quod
559 2179 657 2242 etiam
680 2178 788 2261 magis
810 2178 951 2261 aperiret
969 2199 1081 2243 eorum
1100 2176 1306 2242 dementiam.
1324 2192 1363 2244 a..

129 2269 241 2333 Allata
264 2271 315 2333 est
338 2267 423 2332 enim
448 2267 585 2331 Athenis
609 2266 666 2330 uni
689 2288 728 2331 ex
752 2266 828 2349 illis,
850 2266 1001 2349 Archiae,
1028 2266 1175 2349 quitum
1199 2266 1306 2330 maxi-

128 2379 217 2422 mum
246 2356 477 2440 magistratum
502 2355 623 2419 Thebis
652 2354 835 2439 obtinebat,
863 2355 1017 2438 epistula,
1045 2355 1166 2439 inqua
1197 2354 1307 2420 omnia

129 2447 167 2511 de
190 2445 394 2528 profectione
418 2443 564 2509 exsulum
583 2444 764 2528 perscripta
787 2448 889 2508 erant.
928 2443 1018 2520 Quae
1041 2464 1114 2507 cum
1137 2443 1308 2508 accubanti

127 2536 161 2600 in
184 2533 334 2599 convivio
363 2536 450 2597 esset
473 2532 563 2615 data,
587 2533 671 2597 sicut
694 2536 765 2597 erat
788 2532 932 2617 signata,
960 2532 1019 2597 sub
1043 2531 1211 2615 pulvinum
1235 2532 1306 2596 sub·

128 2624 228 2688 iciens
252 2620 300 2710 ‘in
324 2619 513 2686 crastinum'
536 2621 644 2704 inquit
667 2619 792 2685 ‘differo
811 2642 862 2685 res
882 2619 1005 2687 serias'.
1041 2619 1088 2685 At
1109 2621 1160 2685 illi
1183 2632 1340 2704 omuess

128 2734 201 2776 cum
229 2709 296 2774 iam
325 2731 392 2774 nox
418 2710 645 2794 processisset,
672 2709 829 2775 vinolenti
853 2731 872 2774 a
895 2710 1074 2775 coniuratis
1103 2714 1178 2778 suut
1205 2709 1306 2774 inter-

127 2798 214 2865 fecti.
261 2797 385 2874 Quibus
412 2798 510 2862 rebus
538 2798 707 2882 conlectis,
736 2797 836 2883 vulgo
870 2798 911 2863 ad
939 2820 1029 2863 arma
1056 2799 1306 2882 libertatemque

128 2893 258 2965 vocato,
285 2909 352 2952 non
381 2887 486 2953 solum
514 2887 570 2970 qui
597 2887 632 2951 in
654 2887 734 2951 urbe
759 2891 865 2970 erant,
893 2886 1072 2951 sedetiam
1100 2886 1244 2971 undique
1267 2909 1307 2951 ex

130 2977 216 3062 agris
240 2978 489 3059 concurrerunt,
515 2974 713 3059 praesidium
736 2974 1068 3039 Lacedaemoniorum
1092 2997 1131 3040 ex
1155 2997 1228 3039 arce
1250 2997 1306 3058 pe-

129 3066 297 3151 pulerunt,
319 3064 462 3148 patriam
485 3063 653 3128 obsidione
676 3063 871 3146 liberarunt,
899 3067 1047 3127 auctores
1070 3060 1230 3127 Cadmeae
1254 3085 1306 3128 oc·

129 3152 305 3238 cupandae,
328 3155 488 3237 quotquot
511 3154 712 3234 supererant,
734 3150 770 3214 in
793 3150 943 3215 exsilium
966 3150 1138 3216 eiecerunt.

216 3239 275 3306 IV.
293 3240 356 3305 Illo
370 3244 439 3306 tam
453 3240 585 3306 turbido
599 3243 757 3323 tempore,
771 3239 855 3303 sicut
869 3260 968 3324 supra
982 3239 1148 3304 docuimus
1156 3235 1205 3326 ¹¹),
1220 3239 1305 3323 Epa·
1325 3256 1340 3303 1

129 3329 311 3414 minondas,
330 3330 437 3415 quoad
456 3352 529 3395 cum
548 3328 672 3408 civibus
691 3327 880 3392 dimicatum
900 3332 958 3413 est,
977 3327 1064 3392 domi
1088 3329 1215 3413 quietus
1234 3328 1305 3393 fuit.

128 3418 243 3503 Itaque
257 3418 338 3484 haec
352 3418 564 3484 liberatarum
578 3418 763 3483 Thebarum
776 3417 847 3481 laus
861 3417 994 3501 propria
1013 3420 1063 3483 est
1074 3414 1306 3503 Pelopidae¹²),

128 3514 252 3574 ceterae
280 3507 347 3571 fere
370 3529 555 3573 communes
583 3528 655 3571 oum
679 3505 915 3589 Epaminonda.
960 3505 1110 3591 Namque
1133 3505 1301 3571 Leuctrica
1325 3522 1341 3571 a

127 3618 240 3683 pugna
263 3617 337 3661 cum
355 3596 532 3680 imperator
555 3598 640 3661 esset
657 3593 914 3680 Epaminondas,
932 3594 985 3659 hic
1003 3595 1067 3660 fuit
1084 3595 1148 3660 dux
1169 3597 1210 3676 [a.
1225 3596 1304 3676 371]

128 3688 272 3751 delectae
301 3706 426 3769 manus,
458 3706 540 3770 quae
563 3683 670 3768 prima
699 3683 899 3769 phalangem
926 3685 1107 3767 prostrauit
1129 3684 1305 3749 Laconum.

165 3914 186 3984 8)
204 3911 260 3968 Mis
273 3911 373 3979 denen,
392 3910 438 3966 die
456 3910 486 3966 in
500 3910 615 3966 Theben
631 3909 690 3965 sich
744 3910 843 3965 weiter
882 3909 1096 3966 naohforschen.
1150 3910 1188 3964 Er
1226 3910 1307 3966 hatte

127 3984 215 4040 ihren
233 3984 423 4039 anschloesen.
744 3981 878 4052 libripens
901 3980 947 4036 die
968 3986 1000 4034 12
1021 3981 1202 4036 Verbannten
1224 3981 1307 4037 einen

164 4086 554 4160 u...r....1,.
744 4051 1067 4190 cruciculas
1081 4052 1307 4178 alcuine

168 4197 204 4265 ¹⁰)
224 4196 270 4251 Sie
284 4193 383 4250 lielsen
395 4210 448 4247 nur
459 4192 569 4248 Charon
583 4210 615 4246 zu
629 4191 691 4248 sich
744 4141 812 4249 ham
832 4195 890 4249 erat
907 4193 937 4247 in
950 4194 999 4249 der
1017 4193 1135 4250 aweiten
1148 4194 1243 4249 Nacht
1259 4211 1308 4247 zur

129 4267 261 4323 hominen
284 4267 342 4321 und
359 4264 529 4335 beruhigten
551 4263 624 4332 sich,
648 4265 690 4319 als
744 4263 934 4335 Ausfflhrung.

131 4340 223 4394 dieser
240 4335 423 4404 radoberto,
448 4351 478 4390 er
495 4336 577 4390 wiese
595 4334 690 4392 nichts
783 4335 817 4405 ¹¹)
835 4334 934 4406 Epam.
952 4335 986 4404 X,
1005 4343 1030 4392 3.

130 4426 186 4465 von
197 4405 691 4475 derSachawerdederselbenabar
783 4406 816 4476 ¹²)
835 4406 916 4462 Anm.
935 4425 969 4463 zu
987 4406 1009 4476 1,
1029 4412 1052 4461 1.
