2959 4759
14 3525 15 3544 ,
136 3471 694 3540 genenceltiechenGalateroderGallo·

601 229 767 288 Annuus,
792 236 815 286 1.
835 237 861 287 2.
1272 235 1315 299 85

146 394 182 457 in
194 391 277 460 Asia
300 396 396 460 rebus
419 395 530 480 gestis.
564 394 673 479 Ipsius
693 398 802 458 autem
825 415 876 459 res
895 395 981 460 bello
1003 400 1111 482 gestas
1130 419 1202 462 cum
1221 398 1349 463 multia
1467 447 1469 494 3

145 485 216 547 tum
236 482 299 548 duo
324 484 499 549 memoriae
517 482 737 567 prodiderunt,
756 482 813 567 qni
835 504 907 548 cum
930 505 968 549 eo
991 486 1026 549 in
1049 485 1163 550 castris
1186 486 1315 551 fuerunt

146 571 315 657 simulque,
335 572 490 657 quamdiu
512 574 643 637 fortuna
666 592 764 655 passa
787 575 845 655 est,
863 572 1022 657 vixerunt,
1042 572 1170 640 Silenus
1190 573 1314 640 Siculus

145 663 178 724 et
206 657 333 725 Sosilus
356 660 637 727 Lacedaemonius.
683 661 791 743 Atque
818 659 881 725 hoc
904 658 1010 726 Sosila
1038 661 1205 728 Hannibal
1228 663 1314 729 litte·

144 770 255 813 rarum
278 747 476 815 Graecarum
498 770 574 815 usus
594 752 649 813 est
671 748 811 814 doctore.

234 835 297 902 Sed
311 860 371 903 nos
385 843 514 921 tempus
534 841 584 902 est
601 837 698 902 huius
717 837 794 901 libri
811 837 916 902 facere
929 839 1028 903 finem
1048 842 1080 903 et
1093 838 1314 907 Romanorum
1332 856 1350 904 4

145 926 307 1010 explicare
330 927 555 1011 imperatorne,
587 948 650 1011 quo
673 926 803 991 facilius
827 927 956 992 collatis
979 930 1188 1013 utrorumque
1211 930 1315 1013 factis,

144 1015 210 1079 utri
233 1014 432 1099 praeferendi
456 1016 531 1098 sint,
554 1016 661 1099 possit
683 1012 876 1102 iudicari³⁹).

624 1204 836 1211 ———.

313 1330 380 1420 (Ex
402 1333 486 1398 libro
510 1333 549 1398 de
573 1334 683 1399 latinis
705 1331 905 1420 historicis1)
929 1337 997 1399 vita
1019 1331 1146 1421 Attici.)

622 1513 834 1586 ATTIGUS.

231 1650 256 1716 Ι.
295 1649 332 1715 Τ.
355 1650 554 1736 Pomponius
578 1651 723 1735 Atticus,
751 1652 792 1716 ab
816 1652 940 1737 origine
967 1653 1085 1719 ultima
1114 1654 1226 1738 stirpis
1249 1653 1347 1719 lto-1

143 1762 257 1805 manae
285 1737 507 1825 generatus2),
540 1763 560 1804 a
587 1740 765 1805 maioribus
794 1746 958 1824 acceptam
986 1746 1142 1826 perpetuo
1173 1743 1314 1808 obtinuit

142 1828 336 1913 dignitatem
368 1833 559 1914 equestrem.
604 1828 702 1893 Patre
734 1850 812 1893 usus
840 1834 890 1893 est
916 1829 1067 1913 diligenti
1095 1833 1142 1913 et,
1178 1835 1216 1896 ut
1242 1835 1348 1896 tumr

141 1921 234 1982 erant
266 1922 426 2001 tempora,
460 1916 519 1981 diti
546 1917 581 1981 in
612 1918 790 2003 primisque
822 1918 968 1983 studioso
999 1919 1190 1985 litterarum.
1242 1920 1313 2005 Qui,

143 2010 241 2089 prout
263 2005 334 2090 ipse
357 2006 491 2071 amabat
513 2006 649 2088 litteras,
673 2007 823 2071 omnibus
846 2007 1016 2092 doctrinis,
1039 2008 1156 2093 quibus
1179 2010 1312 2093 puerilis

141 2098 230 2160 aetas
259 2095 420 2179 impertiri
448 2094 557 2178 debet,
584 2094 688 2159 filium
716 2095 865 2160 erudivit.
909 2094 990 2160 Erat
1017 2100 1125 2160 autem
1155 2098 1190 2161 in
1212 2114 1347 2181 puer03

140 2186 271 2266 praeter
298 2183 498 2248 docilitatem
526 2183 652 2270 ingenii
674 2205 800 2248 summa
829 2185 971 2249 suavitas
1000 2185 1065 2249 oris
1095 2189 1192 2269 atque
1214 2187 1312 2270 vocis,

141 2276 178 2337 ut
201 2293 266 2337 non
290 2272 396 2337 solum
419 2272 566 2338 celeriter
596 2273 755 2356 acciperet
777 2294 859 2357 quae
881 2272 1107 2357 tradebantur,
1135 2273 1191 2337 sed
1214 2275 1312 2339 etiam

140 2362 336 2426 excellenter
364 2362 597 2444 pronuntiaret.
646 2360 760 2446 Itaque
789 2383 861 2427 oum
894 2362 1014 2427 nobilis
1046 2363 1131 2426 inter
1161 2364 1311 2447 aequales

140 2449 280 2515 ferretur
298 2450 481 2534 clariusque
500 2451 789 2535 exsplendesceret,
812 2473 908 2535 quam
928 2452 1078 2535 generosi
1101 2450 1312 2534 condiscipuli

140 2538 248 2604 animo
277 2559 380 2623 aequo
410 2539 494 2603 ferre
520 2543 670 2624 possent,
698 2561 757 2604 suo
780 2539 889 2604 studio
913 2561 1024 2604 omnes
1047 2540 1216 2605 incitabat:
1248 2557 1347 2625 quor

140 2629 173 2692 in
191 2648 326 2691 numero
344 2627 475 2692 fuerunt
492 2627 528 2696 L.
542 2624 772 2715 Torquatusl),
791 2627 960 2693 O.Marius
978 2626 1107 2715 filius⁴),
1126 2628 1170 2693 M.
1186 2626 1311 2696 Cicero:

140 2738 221 2800 quos
254 2717 486 2782 consuetudine
518 2717 565 2783 sic
598 2717 661 2782 sibi
694 2718 853 2798 devinxit,
885 2722 922 2783 ut
954 2739 1050 2782 nemo
1082 2718 1123 2782 iis
1155 2723 1311 2802 perpetuo

139 2805 238 2869 fuerit
261 2806 375 2871 carior.

228 2891 270 2956 II.
306 2892 405 2957 Pater
433 2897 560 2959 mature
589 2894 735 2959 decessit.
780 2894 855 2978 lpse
878 2891 1152 2979 adulescentulus,
1179 2901 1346 2980 propterr

140 2977 351 3063 adfinitatem,
370 2979 406 3045 P.
421 2979 600 3065 Sulpiciil),
619 2983 675 3066 qui
693 2982 844 3048 tribunus
863 2983 968 3066 plebis
987 2982 1175 3049 interfectus
1196 2987 1237 3065 [a.
1253 2985 1309 3065 88]

140 3062 234 3150 esu),
257 3087 326 3129 non
349 3089 463 3150 expers
482 3068 544 3133 fuit
562 3072 710 3151 periculi:
736 3092 878 3156 namque
897 3071 1022 3156 Anicia,
1041 3072 1214 3155 Pomponii
1236 3094 1311 3138 con·
1381 3114 1385 3122 ·

140 3154 284 3239 sobrina,
311 3160 467 3239 nupserat
496 3153 655 3243 Serviol),
682 3158 777 3223 fratri
805 3157 948 3243 Sulpicii.
998 3160 1111 3245 Itaque
1138 3162 1346 3227 interfector

138 3345 193 3453 naq
215 3344 305 3398 gegen
329 3329 374 3385 die
397 3348 445 3384 um
469 3330 514 3385 die
537 3331 620 3386 Mitte
647 3332 695 3387 des
787 3335 808 3401 ⁶)
828 3331 935 3388 Gehbrt
962 3336 1041 3389 mehr
1068 3352 1102 3388 zu
1125 3334 1244 3404 periculi
1266 3334 1309 3390 als

138 3404 162 3454 3.
189 3399 268 3456 ahrh.
283 3400 313 3455 in
327 3401 514 3457 Vorderasien
528 3403 695 3472 eingedrun-
749 3423 784 3458 au
801 3405 985 3462 adfinitatem.

135 3541 241 3611 aaron
259 3543 316 3597 uns
334 3543 428 3599 fenne
442 3544 515 3599 rann
533 3549 583 3599 188
598 3546 695 3601 senen
749 3510 1309 3639 qulffiferfflgflgrbfffqffieqquiphqp

14 3611 15 3678 j
135 3612 254 3683 Auftrag
268 3630 299 3669 so
314 3630 373 3681 ane,
384 3613 445 3669 dass
455 3614 548 3670 ausser
555 3615 693 3671 Eumenes

137 3682 286 3739 pesonam
301 3686 347 3740 cie
361 3684 486 3741 aporior
499 3686 553 3741 mn
567 3686 693 3743 eseren-
748 3653 895 3710 d⁸fi⁸⁰h0¹¹
918 3654 1020 3725 Krine
1044 3656 1147 3710 erens
1171 3657 1308 3726 ennogen

137 3756 354 3824 erweiterungen
372 3757 495 3812 bedacht
511 3760 633 3814 wurden.
747 3726 868 3781 wden'

171 3825 205 3896 ³⁹)
222 3824 303 3880 Anna
323 3846 357 3882 zu
375 3828 466 3885 Praei.
485 3833 510 3884 8.
785 3833 806 3900 ⁷)
827 3830 939 3886 Servius
966 3832 1005 3886 iet
1032 3831 1185 3903 cigentlich
1208 3832 1254 3887 ein
1276 3834 1307 3889 in

172 3896 193 3966 ¹)
211 3896 292 3980 Anna
311 3915 345 3951 nu
364 3898 453 3981 Praei.
472 3903 497 3954 8.
518 3970 524 3982 ι
649 3970 655 3984 Ι
747 3903 797 3985 der
806 3918 877 3970 gens
888 3900 1012 3972 Sulpicia
1020 3903 1306 3986 fiblichernllorname,

171 3966 193 4039 ²)
216 3968 268 4024 Dre
295 3971 463 4039 Pomponrer
488 3970 605 4026 lerteten
632 3973 692 4026 arch
747 3974 844 4028 Dreser
854 3973 961 4029 Bruder
975 3974 1025 4028 des
1035 3975 1065 4028 P.
1076 3974 1216 4044 Sulpicius
1224 3976 1305 4031 hatte

136 4054 192 4177 vo'i
206 4038 637 4167 {taratantara
654 4114 694 4169 a
749 4044 1306 4173 dntlttttl{retinetene

135 4179 158 4236 J.
172 4186 248 4305 ί6ῑὸῬΙ
283 4253 303 4306 h
437 4252 463 4306 Κ
509 4154 517 4181 ’
568 4253 575 4266 .
749 4185 908 4257 uberhaupt
926 4186 1013 4241 dfters
1029 4188 1087 4271 ‘der
1110 4187 1307 4258 allgemeinere

138 4252 209 4376 „a
238 4252 547 4393 terrebant
566 4255 695 4383 atti
748 4258 889 4410 trica
902 4257 1307 4412 “librenturque

139 4393 230 4448 Sullas
248 4393 419 4466 Anhangern
438 4397 548 4466 getdtet
566 4397 669 4453 wurde.
749 4401 819 4455 statt
837 4416 885 4456 vra
903 4399 1027 4456 Claudia
1065 4402 1102 4455 So
1125 4400 1211 4455 herrat
1234 4401 1306 4454 auch
