2959 4759
492 233 568 287 XIII.
596 231 816 288 TlMOTHEUS.
841 239 865 289 1.
884 238 910 288 A.
1243 233 1285 296 41

106 398 185 459 tum
209 394 333 458 intrare
362 394 676 479 gubernatoremque
703 395 796 460 iubet
823 416 861 460 eo
890 395 1034 481 derigere
1061 417 1191 479 navem,
1218 395 1288 479 ipse

109 482 179 547 sibi
197 482 355 567 perniciei
378 483 453 546 fuit:
477 505 549 548 cum
573 485 658 548 enim
682 505 721 547 eo
739 487 951 567 penetrasset,
974 490 1100 548 ceterae
1123 506 1189 549 non
1212 488 1290 548 sunt

107 574 255 636 secutae.
305 570 375 647 Quo
402 570 491 636 facto
520 571 732 637 circumfusus
759 571 905 637 hostium
938 594 1095 637 concursu
1125 594 1198 637 cum
1225 571 1288 637 for·

107 660 244 725 tissime
262 663 430 744 pugnaret,
448 661 542 725 naris
559 666 667 725 rostro
686 681 840 744 percussa
858 661 964 744 coepit
982 661 1094 725 sidere.
1124 661 1197 744 Ipse
1216 682 1288 725 cum
1307 680 1323 728 a

109 751 229 831 posset
252 748 409 833 refugere,
433 748 462 813 si
485 770 518 813 se
541 749 576 812 in
598 771 687 814 mare
712 748 889 832 deiecisset,
913 749 998 833 quod
1022 750 1153 814 suberat
1174 750 1288 815 classis

109 836 382 920 Atheniensium,
413 858 495 920 quae
522 837 684 921 exciperet
710 840 877 918 natantes,
909 838 1015 922 perire
1046 838 1163 902 maluit
1191 859 1290 922 quam

111 926 216 989 armis
241 925 377 990 abiectis
399 946 516 990 navem
539 926 731 1011 relinquere,
755 947 819 1010 qua
841 927 947 990 iuerat
967 930 1088 992 vectus.
1130 925 1168 989 Id
1191 926 1290 990 ceteri

112 1035 189 1078 cum
208 1012 315 1078 facere
334 1014 473 1094 nollent,
495 1014 602 1079 nando
625 1015 787 1078 intutum
806 1018 1034 1098 pervenerunt:
1058 1018 1093 1079 at
1111 1015 1175 1096 ille,
1196 1036 1289 1097 prae-

111 1105 202 1167 stare
213 1101 385 1167 honestam
395 1106 534 1166 mortem
547 1102 737 1167 existimans
747 1103 836 1187 turpi
846 1105 941 1187 vitae,
951 1103 1130 1168 comminus
1140 1122 1289 1187 pugnans

108 1191 188 1255 telis
212 1191 357 1255 hostium
379 1191 571 1255 interfectus
594 1195 653 1255 est.

593 1386 807 1397 *-

488 1546 588 1619 mn.
628 1507 916 1622 urnorflnus.

204 1683 230 1747 I.
250 1683 451 1768 Timotheus,
470 1683 611 1751 Cononis
631 1686 727 1768 filius,
742 1685 961 1770 Atheniensis,
981 1689 1105 1769 epatre
1125 1688 1289 1770 acceptam
1310 1703 1324 1751 1

114 1773 255 1859 gloriam
283 1773 395 1837 multis
423 1773 513 1837 auxit
540 1774 730 1839 virtutibus:
761 1774 825 1837 luit
853 1775 939 1838 enim
962 1774 1116 1856 disertus,
1143 1773 1290 1858 impiger,

111 1862 161 1926 rei
188 1860 341 1925 militaria
370 1861 495 1945 peritus
522 1883 628 1946 neque
655 1863 764 1926 minus
792 1862 934 1927 civitatis
966 1862 1135 1947 regendae.
1184 1861 1325 1928 Multae

111 1949 203 2015 illius
227 1952 304 2013 sunt
327 1950 492 2033 praeclare
510 1950 612 2033 facta,
637 1951 692 2015 sed
715 1950 796 2016 haec
819 1951 957 2014 maxime
981 1950 1129 2015 illustria.

204 2036 350 2103 Primum
375 2039 472 2103 classi
494 2039 676 2122 praefectus
702 2040 945 2104 circumvehens
968 2038 1129 2122 Pelopon·
1153 2040 1195 2118 [a.
1209 2038 1288 2120 375]

111 2148 228 2191 nasum
255 2124 437 2191 Laconicen
466 2127 643 2210 populatus
667 2131 717 2192 est
739 2126 940 2211 classemque
962 2126 1289 2191 Lacedaemoniorum

112 2214 248 2298 fugavit.
295 2212 470 2298 Corcyram
500 2216 559 2279 sub
592 2216 764 2299 imperium
791 2215 1039 2280 Atheniensium
1071 2214 1210 2299 redegit,
1239 2238 1289 2280 so·

112 2305 245 2388 ciosque
268 2304 416 2368 adiunxit
438 2303 603 2388 Epirotas,
622 2303 834 2387 Athamanas,
858 2300 1009 2368 Chaonas
1032 2323 1210 2387 omnesque
1233 2325 1288 2368 eas

112 2395 238 2478 gentes,
262 2412 344 2475 quae
367 2414 457 2457 mare
480 2392 561 2456 illud
581 2392 736 2456 adiacent
774 2390 845 2467 Quo
868 2392 957 2457 facto
975 2390 1225 2457 Lacedaemonii
1249 2392 1323 2458 des

113 2481 240 2546 diutina
263 2482 472 2546 contentione
495 2477 725 2567 destiterunt¹)
748 2484 781 2544 et
805 2503 863 2545 sua
887 2485 1004 2564 sponte
1022 2479 1122 2544 Athe·
1148 2482 1189 2561 [a.
1208 2480 1287 2562 374]

111 2569 281 2634 aiensibus
299 2570 429 2653 imperii
448 2569 604 2633 maritimi
622 2570 840 2654 principatum
859 2571 1095 2651 concesserunt,
1113 2590 1289 2653 pacemque

112 2658 165 2722 his
195 2658 323 2741 legibus
352 2659 603 2742 constituerunt,
631 2663 668 2722 ut
691 2658 909 2723 Athenienses
937 2658 1019 2722 mari
1047 2658 1143 2722 duces
1171 2663 1289 2723 essent.

115 2746 207 2823 Quae
225 2747 364 2811 victoria
386 2749 497 2811 tantae
520 2747 583 2811 fuit
601 2746 723 2812 Atticis
748 2748 901 2828 laetitiae,
923 2750 962 2811 ut
983 2751 1053 2810 tum
1071 2745 1212 2829 primum
1231 2767 1289 2811 ara

114 2834 191 2899 Paci
223 2835 352 2918 publice
381 2834 469 2900 facta
501 2834 551 2898 illi
580 2835 658 2900 deae
691 2836 842 2919 pulvinar
873 2837 917 2899 sit
948 2835 1144 2899 institutum.
1190 2832 1324 2899 Ouiusa

15 3003 17 3010 Ι
112 2923 221 2988 laudis
245 2927 282 2987 ut
300 2924 457 2988 memoria
480 2926 636 3007 maneret,
653 2923 826 2989 Timotheo
844 2923 974 3008 publice
997 2926 1141 2986 statuam
1164 2922 1198 2986 in
1215 2921 1287 2987 foro

113 3015 303 3094 posuerunt.
340 3011 403 3088 Qui
425 3013 531 3077 honos
554 3013 628 3076 huic
651 3011 709 3075 uni
732 3014 806 3075 ante
829 3011 862 3074 id
884 3008 1045 3095 tempus2)
1070 3010 1219 3094 contigit,
1242 3016 1288 3085 ut,

115 3121 188 3165 cum
212 3101 300 3184 patri
322 3100 460 3184 populus
484 3100 648 3184 posuisset
670 3103 828 3183 statuam,
851 3099 919 3163 filio
943 3119 1070 3182 quoque
1093 3097 1193 3162 daret.
1235 3096 1288 3162 Sic

111 3189 202 3254 iuxta
232 3188 341 3273 posita
368 3209 479 3253 recens
507 3188 568 3251 filii
595 3190 706 3253 statua
727 3192 871 3252 veterem
898 3187 1002 3270 patris
1032 3185 1202 3250 renovavit
1224 3207 1288 3250 me·

111 3299 257 3343 monam.

202 3364 245 3430 II.
267 3365 387 3430 Postea
407 3365 503 3429 simul
527 3386 599 3430 cum
619 3364 776 3450 Agesilao
795 3363 1019 3448 Ariobarzani,
1040 3385 1131 3447 prae-
1152 3365 1193 3443 [a.
1208 3363 1286 3444 366]
1308 3380 1323 3428 1

112 3455 197 3520 fecto
225 3452 402 3538 Phrygiae,
432 3454 554 3518 auxilio
582 3454 748 3538 protectus
776 3459 834 3518 est
879 3452 996 3536 Aqua
1027 3474 1099 3516 cum
1122 3452 1208 3517 Laco
1236 3474 1289 3536 pe·

113 3542 242 3608 cuniam
256 3545 461 3607 numeratam
481 3543 668 3627 accepisset,
686 3544 742 3607 ille
757 3543 842 3608 cives
857 3563 933 3606 suos
950 3562 1029 3627 agro
1044 3544 1140 3625 atque
1155 3541 1288 3606 urbibus

114 3632 226 3716 augeri
240 3631 365 3714 maluit,
384 3652 480 3715 quam
499 3631 532 3694 id
549 3632 620 3715 ipse
639 3653 776 3714 sumere,
795 3631 885 3696 cuius
904 3633 1030 3715 partem
1046 3630 1176 3694 domum
1196 3651 1287 3695 suam

111 3719 196 3783 ferre
210 3723 332 3803 posset.
368 3717 455 3782 Nam
475 3740 545 3783 cum
566 3719 710 3784 audisset
724 3720 977 3784 Ariobarzanem
997 3740 1017 3782 a
1034 3739 1110 3802 rege
1125 3717 1288 3800 defecisse,
1307 3734 1324 3782 2

110 3809 250 3890 primum
281 3804 414 3871 Samum
444 3806 544 3889 cepit,
574 3808 610 3871 in
638 3829 701 3891 quo
730 3808 850 3893 oppido
878 3808 1096 3891 oppugnando
1127 3808 1289 3891 superiore

150 4034 170 4105 ¹)
189 4033 253 4088 Viel
276 4033 357 4088 hatte
375 4031 487 4087 freilich
509 4050 543 4087 zu
569 4033 675 4088 diesem
728 4032 851 4103 Begriffe
870 4032 922 4086 wie
937 4030 1025 4102 μόνον
1043 4031 1093 4085 der
1106 4031 1220 4088 Genitiv
1234 4033 1290 4088 τῶν

113 4103 244 4160 Resultat
264 4104 315 4158 der
333 4103 448 4172 Seesieg
471 4105 520 4158 des
539 4103 674 4159 Chabrias
728 4101 980 4173 προγεγενημένων
994 4102 1062 4156 oder
1079 4104 1136 4158 τῶν
1150 4101 1205 4172 πρὸ
1225 4100 1290 4159 ξαν·

113 4176 158 4230 bei
175 4174 273 4230 Naxus
292 4178 366 4245 (876)
385 4174 575 4245 beigatragen.
728 4175 789 4241 τοῦ,
808 4176 858 4227 der
876 4174 958 4241 dana,
977 4189 1025 4227 um
1043 4172 1125 4228 nicht
1142 4175 1290 4243 unlogisch

149 4246 242 4316 ¹)Ein
273 4246 442 4301 Graciamus.
489 4245 530 4300 Im
564 4244 673 4300 Griech.
729 4262 764 4298 zu
783 4244 923 4311 scheinen,
943 4242 1024 4299 nicht
1041 4246 1083 4298 als
1102 4262 1165 4314 gen.
1185 4244 1291 4314 partit,

114 4318 190 4372 steht
208 4316 333 4372 namlich
347 4315 434 4371 orrea
453 4316 499 4370 bei
518 4316 609 4370 einem
624 4315 673 4369 Su·
729 4317 848 4370 eundern
863 4315 905 4369 ala
920 4332 982 4384 gen.
998 4317 1071 4369 nach
1084 4314 1226 4385 Begriffen
1242 4314 1291 4368 der

113 4385 675 4457 perlativodereinemsuperlatiriachen
730 4385 917 4457 Superioritat
935 4385 1113 4442 aufaufasaen
1131 4388 1176 4440 ist
