2959 4759
590 188 622 245 V.
651 188 773 244 cinos.
797 144 823 245 a
842 196 866 246 a.
1274 190 1314 254 17

131 355 271 436 fecerat,
300 354 369 439 egit
396 375 469 418 cum
498 350 632 417 Cimone
660 357 698 417 ut
725 373 797 417 eam
831 352 893 417 sibi
920 373 1054 417 uxorem
1081 352 1188 417 daret:
1221 351 1253 417 id
1287 353 1315 417 si

130 443 361 527 impetrasset,
388 463 423 507 se
450 462 509 526 pro
536 440 594 505 illo
622 440 793 525 pecuniam
817 441 1010 505 soluturum.
1055 441 1185 506 Iseum
1212 441 1348 506 talama

131 530 359 596 condicionem
388 534 628 613 aspernaretur,
651 528 801 612 Elpinice
828 529 962 614 negavit
990 551 1025 594 se
1048 551 1217 613 passuram
1240 529 1313 593 Mil-

131 619 237 683 tiadis
268 619 459 704 progeniem
491 618 527 681 in
554 616 691 682 vinculis
718 617 859 700 puhlicis
886 617 1032 700 interire,
1062 639 1160 702 seque
1189 615 1313 683 Galliae

131 711 324 791 nupturam,
348 707 376 772 si
399 728 438 770 ea
462 726 544 790 quae
565 705 772 789 polliceretur
794 705 1023 789 praestitisset.

227 794 269 875 II.
293 794 366 860 Hoc
383 794 480 860 modo
499 790 681 879 custodia⁴)
699 794 856 858 liberatus
871 792 988 859 Cimon
1002 795 1147 859 celeriter
1166 794 1207 858 ad
1225 795 1312 879 prin-
1334 812 1348 860 1

133 884 281 967 cipetum
309 883 464 967 pervenit.
511 881 665 947 Habebat
692 882 778 946 enim
802 883 883 947 satis
912 883 1128 967 eloquentiae,
1151 905 1312 948 summam

132 972 383 1055 liberalitatem,
411 991 565 1056 magnam
592 970 798 1055 prudentiam
826 992 898 1036 cum
925 971 1005 1035 iuris
1033 971 1136 1036 civilis
1164 976 1234 1036 tum
1264 973 1312 1036 rei

134 1060 300 1143 militaris,
315 1060 490 1145 quodcum
508 1063 601 1142 patre
616 1082 636 1123 a
654 1081 755 1143 puero
773 1060 808 1124 in
823 1059 1016 1125 exercitibus
1035 1059 1141 1124 fuerat
1155 1063 1312 1124 versatus.

133 1148 253 1233 Itaque
277 1152 311 1213 et
338 1148 495 1233 populum
523 1148 683 1212 urbanum
709 1149 746 1212 in
768 1171 828 1213 sua
856 1149 961 1213 tenuit
983 1151 1145 1232 potestate
1169 1151 1201 1212 et
1225 1148 1311 1231 apud

70 1296 75 1301 .
134 1236 316 1302 exercitum
333 1237 509 1320 plurimum
522 1236 628 1302 valuit
645 1238 849 1301 auctoritate.
875 1236 1057 1322 Imperator
1075 1237 1161 1320 apud
1181 1237 1309 1317 [artu]
1330 1248 1347 1297 a

134 1326 257 1390 flumen
287 1323 464 1409 Strymona
491 1328 524 1388 et
550 1323 749 1408 praesidium
776 1324 949 1390 Persarum
977 1329 1011 1389 et
1038 1345 1173 1410 magnas
1201 1325 1311 1409 copias

136 1413 322 1479 Thraecum
345 1413 486 1500 fugavit,
509 1412 727 1498 oppidumque
755 1413 803 1478 ibi
824 1416 938 1496 postea
960 1412 1168 1498 Amphipolis
1192 1413 1310 1478 consti·

133 1506 246 1567 tutum
278 1523 380 1586 eoque
413 1502 523 1567 decem
555 1501 646 1566 milia
674 1501 921 1566 Atheniensium
954 1503 988 1566 in
1018 1503 1179 1567 coloniam
1212 1502 1313 1565 missa

136 1588 259 1677 sunt5).
305 1590 396 1656 Idem
420 1588 568 1673 Scyrum,
591 1611 688 1674 quam
711 1611 749 1654 eo
777 1595 922 1674 tempore
946 1590 1089 1674 Dolopes
1117 1590 1312 1671 incolebant,

134 1679 219 1761 illis,
242 1680 328 1762 quod
351 1680 573 1743 contumacius
598 1700 632 1743 se
656 1681 838 1763 gesserant,
865 1680 945 1743 urbe
967 1680 1138 1762 insulaque
1171 1679 1213 1761 [a.
1231 1679 1312 1758 476]

135 1766 250 1831 eiectis
279 1766 458 1833 vacuefecit
485 1766 616 1849 suisque
644 1768 768 1832 civibus
797 1787 894 1851 agros
917 1767 1037 1832 divisit.
1087 1767 1205 1850 Porro,
1228 1767 1349 1850 quode

135 1857 204 1920 iam
228 1855 405 1921 nonnullae
428 1856 554 1920 insulae
577 1859 711 1940 propter
734 1855 944 1921 acerbitatem
967 1856 1096 1940 imperii
1119 1855 1315 1938 defecerant,

136 1946 221 2008 bene
241 1939 405 2009 animatas
419 1944 632 2028 confirmavit,
651 1943 810 2009 alienatas
828 1943 869 2008 ad
883 1943 1026 2009 officium
1044 1944 1149 2008 redire
1163 1940 1315 2030 cotgiu).

135 2031 236 2117 Apud
259 2034 381 2097 flumen
404 2054 480 2098 vero
498 2032 773 2115 Eurymedontem
792 2031 984 2116 Cypriorum
1004 2036 1036 2096 et
1054 2031 1159 2097 Phoe·
1183 2035 1223 2112 [a.
1233 2033 1314 2112 469]
1333 2046 1351 2093 4

135 2122 248 2185 nicum
272 2120 483 2187 ducentarum
511 2120 643 2185 navium
666 2121 804 2185 classem
828 2119 986 2186 devictam
1010 2122 1110 2205 cepit,
1139 2120 1315 2205 eodemque

136 2209 191 2274 die
213 2210 286 2294 pari
309 2210 443 2275 fortuna
464 2211 500 2273 in
521 2210 609 2273 terra
631 2230 708 2273 usus
733 2213 793 2273 est.
837 2207 986 2293 Namque
1009 2209 1153 2273 hostium
1175 2207 1313 2274 navibus

138 2299 246 2380 captis
280 2298 392 2363 statim
424 2319 464 2362 ex
495 2298 598 2364 classe
630 2297 741 2381 copias
779 2319 854 2362 suas
892 2297 1003 2362 eduxit
1038 2298 1315 2383 barbarorumque

138 2385 318 2451 maximam
342 2388 408 2451 vim
431 2406 496 2449 uno
520 2406 678 2450 concursu
700 2387 887 2469 prostravit.
934 2385 1004 2461 Qua
1027 2386 1164 2450 victoria
1194 2407 1315 2471 magna
1335 2399 1351 2449 5

137 2474 261 2558 praeda
287 2474 412 2558 potitus
441 2495 514 2538 cum
543 2473 674 2539 domum
701 2475 904 2558 revertisset,
926 2473 978 2538 his
1003 2495 1042 2537 ex
1065 2475 1227 2539 manubiis
1258 2497 1315 2538 arx

138 2561 362 2647 Athenarum,
389 2584 453 2646 qua
482 2561 522 2626 ad
550 2562 716 2627 meridiem
745 2563 863 2647 vergit,
891 2566 941 2627 est
972 2567 1097 2627 ornata.
1144 2562 1313 2628 Postremo

138 2649 281 2716 Thasios
297 2650 464 2734 opulentia
481 2648 584 2715 fretos
598 2654 773 2734 postquam
791 2652 897 2735 primo
916 2651 1030 2715 statim
1050 2650 1191 2716 adventu
1211 2652 1313 2716 classe

137 2740 321 2823 superavit,
355 2738 522 2803 obsidione
554 2739 682 2804 clausos
714 2740 856 2805 triennio
888 2739 922 2804 in
955 2739 1151 2804 deditionem
1190 2741 1315 2824 accepit

138 2830 181 2909 [a.
200 2827 293 2909 465]
1012 2844 1016 2851 ’

229 2915 288 2980 IIl.
326 2914 450 2992 Quibus
473 2916 570 2980 rebus
593 2938 665 2980 cum
688 2937 771 2980 unus
795 2917 829 2979 in
853 2916 983 2981 civitate
1006 2917 1145 2981 maxime
1173 2916 1313 2998 floreret,
1337 2932 1350 2980 1

137 3005 254 3070 incidit
277 3006 312 3068 in
334 3005 468 3068 eandem
491 3003 647 3070 invidiam
671 3000 800 3088 quarab
827 3008 921 3087 pater
949 3005 1110 3088 ceterique
1134 3004 1312 3069 Athenien-

138 3095 224 3157 sium
247 3093 424 3177 principes:
447 3114 524 3156 nam
546 3094 705 3157 testarum
730 3091 894 3176 suffragiis
918 3093 1027 3157 decem
1052 3113 1153 3157 anno·
1178 3093 1310 3172 [aroc]

137 3204 212 3247 rum
227 3183 342 3246 exsilio
361 3181 520 3246 multatus
536 3184 594 3246 est
622 3178 721 3245 Cuius
742 3180 819 3245 facti
834 3180 968 3245 celerius
982 3180 1200 3245 Athenienses
1216 3202 1313 3264 quam
1333 3197 1350 3245 2

137 3271 248 3355 ipsum
272 3269 443 3354 paenituit.
484 3267 571 3334 Nam
594 3291 666 3334 cum
689 3269 745 3333 ille
769 3270 877 3333 animo
900 3269 980 3334 forti
1008 3269 1147 3333 invidiae
1171 3269 1313 3353 ingrato·

138 3381 212 3423 rum
240 3359 359 3425 civium
392 3358 543 3423 cessisset
569 3358 754 3442 bellumque
782 3357 1030 3424 Lacedaemonii
1058 3356 1312 3422 Atheniensibus

137 3443 371 3533 intulissent3),
390 3446 562 3511 confestim
582 3450 747 3532 spectatae
762 3447 830 3511 eius
844 3448 975 3512 virtutis
990 3448 1184 3512 desiderium
1203 3467 1315 3511 conse-

175 3639 197 3709 4)
207 3637 261 3693 Die
271 3635 699 3707 ganacErathlungvonOimons
754 3638 816 3693 keit
829 3639 878 3692 der
892 3638 1140 3710 vorhergehenden
1149 3638 1315 3693 Jahreszahl

139 3710 211 3763 Haft
220 3708 261 3762 ist
269 3706 543 3763 unwahrscheinlich
554 3709 610 3763 und
621 3707 701 3763 nicht
754 3714 807 3764 4⁵16
826 3709 876 3764 hat
892 3709 974 3765 Blass
992 3712 1032 3766 im
1050 3708 1138 3765 rhein.
1157 3709 1228 3764 Mus.
1246 3713 1315 3765 1874

140 3779 326 3835 hinreichend
343 3780 487 3846 verbdrgt.
753 3781 902 3836 bewiesen.

176 3850 198 3922 ⁵)
218 3849 303 3905 Diese
317 3849 474 3918 Griindung
488 3851 563 3920 (46⁷)
579 3849 648 3920 ging
661 3849 700 3904 im
792 3852 813 3920 7)
833 3852 885 3908 Die
894 3853 1009 3922 Prtpos.
1019 3853 1052 3907 in
1061 3852 1099 3906 ist
1108 3850 1189 3907 nicht
1198 3852 1314 3907 wieder·

140 3921 260 3991 Kampfe
287 3937 379 3989 gagen
404 3920 450 3973 die
474 3921 608 3975 Thracier
633 3920 701 3975 bald
755 3923 826 3977 holt.

139 3993 245 4048 wieder
268 4010 302 4045 au
321 3989 442 4046 Grande.
478 3990 543 4045 Erat
564 3992 632 4045 kara
651 4009 701 4047 vor
793 3993 814 4060 8)
842 3992 941 4048 Cimon
968 3992 1047 4047 hatte
1074 3994 1128 4048 den
1152 3993 1251 4050 Laced.
1275 3995 1315 4049 im

140 4063 205 4118 dem
233 4061 383 4133 peloponn.
402 4062 505 4131 Kriege
527 4062 632 4131 gelang
655 4062 701 4117 die
756 4063 861 4118 dritten
893 4063 1100 4118 messenischen
1131 4063 1235 4135 Kriege
1269 4065 1314 4119 ein

142 4133 300 4203 Grfindung
318 4149 374 4188 von
392 4132 570 4202 Amphipolis
588 4133 639 4187 aul
655 4133 700 4188 die
756 4133 933 4189 athenisches
964 4133 1122 4205 Hillscorps
1152 4134 1317 4205 augefuhrt3*

141 4203 242 4259 Dauer.
756 4204 847 4259 dieses
870 4221 929 4259 wer
956 4207 1024 4260 aber
1045 4207 1076 4260 in
1099 4206 1314 4275 ohrenrdhriger

178 4275 199 4343 θ)
220 4274 352 4344 Carystus
363 4274 414 4328 auf
424 4273 626 4330 Eubdawurde
639 4280 701 4342 4⁷5,
755 4276 851 4331 Weiss
865 4293 921 4332 von
940 4277 996 4331 den
1009 4275 1255 4344 lacedemoniam,
1271 4277 1313 4333 als

140 4343 238 4400 Naxus
246 4344 502 4401 473unterworlen.
517 4344 701 4415 DieRichtig-
755 4346 871 4401 beddrfe
889 4363 956 4402 man
975 4348 1025 4416 der
1043 4347 1119 4403 Hilfe
1138 4347 1229 4415 nicht,
1253 4353 1313 4402 ent·

194 4442 328 4494 Oarnanu,
343 4441 463 4484 (tomellus
476 4444 558 4493 Nepos.
1083 4442 1099 4490 2
