2959 4759
203 188 247 253 14
442 207 443 212 ’
603 188 651 246 IV.
677 188 892 246 PAUSANIAS.
916 194 941 246 2.
956 196 982 245 3.

202 353 326 418 deletos
345 353 478 437 eiusque
491 352 649 417 victoriae
663 349 775 436 ergo²)
794 352 876 417 illud
890 374 925 417 se
940 351 1089 435 Apollini
1103 351 1224 417 donum
1243 352 1381 419 dedisse.

167 456 184 505 4
202 441 274 507 Hos
289 462 401 507 versus
419 440 666 507 Lacedaemonii
685 441 932 525 exsculpserunt
950 462 1056 527 neque
1074 441 1163 505 aliud
1177 439 1380 524 scripserunt

204 553 301 615 quam
315 530 449 595 nomina
462 552 572 595 earum
582 530 762 614 civitatum,
772 552 909 615 quarum
923 530 1045 595 auxilio
1056 530 1174 595 Persae
1188 535 1284 595 erant
1293 531 1381 597 victi

168 635 183 683 1
292 618 335 687 II.
357 618 439 684 Post
461 618 494 683 id
517 619 679 703 proelium
698 618 835 684 eundem
852 618 1050 685 Pausaniam
1073 640 1147 684 cum
1166 619 1270 684 classe
1293 641 1381 686 eom-

203 708 293 773 muni
312 705 459 793 Cyprum
482 712 579 792 atque
598 707 846 793 Hellespontum
869 708 1036 789 miserunt,
1058 712 1095 773 ut
1112 729 1152 772 ex
1174 708 1217 773 iis
1237 708 1379 793 regioni-

167 798 264 863 abus
292 797 506 862 barbarorum
535 796 698 882 praesidia
725 797 909 881 depelleret.
953 795 1029 861 Pari
1052 795 1207 862 felicitate
1236 800 1279 877 [a.
1298 798 1378 879 477]

203 888 238 951 in
257 908 295 952 ea
317 908 352 950 re
370 908 448 951 usus
471 887 611 951 maiores
630 889 783 969 appetere
806 908 859 951 res
878 886 993 969 coepit.
1021 884 1108 951 Nam
1127 908 1199 950 cum
1217 884 1380 971 Byzantio

203 978 389 1061 expugnato
418 974 559 1060 cepisset
586 976 769 1059 complures
795 974 969 1040 Persarum
996 974 1123 1040 nobiles
1151 977 1248 1060 atque
1277 976 1311 1039 in
1338 976 1379 1040 iis

202 1064 378 1130 nonnullos
401 1065 488 1148 regis
511 1065 722 1148 propinquos,
745 1064 806 1128 hos
832 1064 916 1129 clam
939 1062 1039 1129 Xerxi
1062 1063 1198 1149 remisit,
1220 1063 1379 1128 simulans

203 1176 243 1218 ex
256 1153 395 1218 vinculis
413 1151 553 1236 publicis
569 1153 731 1237 effugisse,
749 1157 783 1218 et
801 1174 874 1218 oum
892 1152 933 1216 iis
949 1150 1135 1238 Gongylum
1148 1151 1380 1236 Eretriensem,

202 1242 259 1326 qui
281 1242 409 1307 litteras
427 1242 498 1326 regi
520 1241 676 1323 redderet,
699 1241 733 1304 in
754 1242 870 1326 quibus
889 1241 970 1306 haec
987 1240 1090 1306 fuisse
1113 1241 1235 1325 scripta
1254 1240 1380 1326 Thucy·

110 1384 115 1393 .
167 1348 183 1396 3
203 1330 294 1396 dides
309 1330 486 1396 memoriae
499 1330 657 1414 prodidit:
670 1328 874 1413 ‘Pausaniae
888 1329 953 1394 dux
968 1327 1115 1414 Spartae,
1129 1351 1210 1414 quos
1223 1328 1380 1413 Byzantii

202 1422 341 1504 ceperat,
363 1422 538 1503 postquam
561 1418 764 1503 propinquos
782 1421 857 1484 tuos
877 1419 1040 1504 cognovit,
1062 1418 1124 1484 tibi
1142 1420 1272 1484 muneri
1290 1419 1380 1484 misit

202 1529 301 1592 seque
329 1511 438 1572 tecum
460 1507 629 1573 adfinitate
657 1507 812 1591 coniungi
839 1508 942 1590 cupit:
967 1529 1080 1591 quare,
1103 1509 1131 1572 si
1154 1508 1217 1572 tibi
1243 1506 1379 1592 videtur,

166 1597 259 1662 edes
291 1596 322 1662 ei
352 1595 456 1661 filiam
491 1599 583 1661 tuam
613 1600 760 1681 nuptum.
806 1595 845 1660 id
876 1596 906 1660 si
937 1596 1064 1679 feceris,
1096 1599 1130 1661 et
1162 1594 1316 1680 Spartam
1348 1602 1380 1661 et

202 1690 342 1751 ceteram
361 1684 531 1750 Graeciam
555 1685 616 1749 sub
635 1689 726 1749 tuam
745 1706 780 1748 se
798 1687 995 1769 potestatem
1019 1684 1191 1750 adiuvante
1212 1688 1246 1750 te
1269 1686 1379 1750 redac-

200 1779 309 1840 turum
336 1774 517 1859 pollicetur.
558 1773 620 1839 His
643 1773 683 1838 de
710 1774 808 1838 rebus
832 1774 860 1838 si
880 1773 957 1857 quid
981 1774 1051 1858 geri
1071 1773 1227 1858 volueris,
1251 1780 1375 1839 certum

168 1864 368 1932 shominem
391 1862 433 1927 ad
457 1885 530 1928 eum
552 1862 605 1928 fec
627 1863 752 1941 mittas,
774 1883 848 1927 cum
872 1884 935 1947 quo
964 1860 1188 1947 colloquatur'.
1233 1862 1305 1928 Rex
1328 1868 1379 1928 tot

202 1953 373 2018 hominum
397 1952 502 2017 salute
520 1956 590 2018 tam
614 1951 680 2016 sibi
697 1951 954 2016 necessariorum
978 1971 1097 2036 magno
1121 1972 1218 2034 opere
1244 1952 1379 2037 gavisus

203 2042 377 2107 confestim
400 2062 474 2107 oum
497 2041 640 2124 epistula
662 2040 863 2105 Artabazum
886 2040 927 2104 ad
949 2035 1180 2125 Pausaniam³)
1205 2040 1323 2126 mittit,
1346 2042 1381 2105 in

204 2152 364 2215 quaeum
391 2129 570 2195 collaudat:
598 2150 639 2195 ne
667 2130 719 2194 cui
742 2129 932 2213 reiparcat
955 2128 996 2193 ad
1023 2151 1062 2194 ea
1084 2128 1266 2214 efficienda,
1297 2151 1381 2214 quae

203 2219 409 2306 polliceatur:
429 2220 456 2283 si
476 2215 630 2304 feceris),
648 2219 770 2282 nullius
788 2218 835 2281 rei
855 2239 874 2282 a
893 2237 928 2281 se
941 2218 1105 2302 repulsam
1124 2218 1275 2283 laturum.
1298 2218 1382 2283 Pau-

168 2327 184 2375 6
204 2309 313 2374 sanias
332 2307 465 2393 cognita
482 2307 570 2393 regis
589 2308 760 2372 voluntate
780 2307 917 2371 alacrior
936 2306 1064 2371 adrem
1082 2306 1255 2391 gerendam
1274 2307 1381 2372 factus

202 2399 238 2462 in
266 2396 484 2481 suspicionem
512 2396 629 2462 cecidit
656 2395 993 2472 Lacedaemoniorum.
1038 2394 1224 2460 Accedebat
1257 2396 1382 2480 eodem,

203 2490 240 2552 ut
262 2487 379 2551 elatius
404 2507 439 2551 se
463 2506 579 2571 gerens
599 2484 724 2549 aditum
746 2484 933 2567 petentibus
953 2483 1167 2549 conveniundi
1189 2506 1256 2550 non
1281 2485 1382 2568 daret,

203 2575 341 2660 superbe
363 2574 587 2658 responderet,
611 2573 785 2639 crudeliter
807 2574 990 2657 imperaret.
1036 2573 1178 2638 Domum
1201 2578 1381 2655 revocatur,

203 2667 374 2730 accusatus
398 2662 516 2747 capitis
535 2663 727 2744 absolvitur,
750 2661 909 2726 multatur
926 2665 1035 2726 tamen
1058 2663 1196 2746 pecunia
1213 2683 1320 2748 neque
1339 2662 1380 2727 ad

202 2754 340 2819 classem
364 2755 414 2816 est
436 2752 602 2816 remissus.

168 2858 182 2906 1
291 2840 350 2907 ΠΙ.
371 2841 418 2906 At
439 2839 496 2904 ille
519 2842 596 2924 post
617 2860 685 2903 non
707 2838 814 2904 multo
837 2861 897 2904 sua
919 2842 1035 2924 sponte
1058 2839 1207 2922 privatus
1230 2837 1272 2903 ad
1292 2860 1380 2903 exer-

202 2931 303 2996 citum
326 2929 424 2994 rediit
446 2933 480 2995 et
501 2928 549 2994 ibi
567 2949 635 2992 non
659 2927 778 2993 callida
786 2925 823 3012 ⁵),
846 2927 902 2992 sed
921 2928 1063 2993 dementi
1085 2927 1214 2992 ratione
1233 2928 1381 3011 cogitata

201 3019 371 3105 patefecit:
395 3040 501 3083 mores
522 3019 607 3082 enim
631 3017 758 3101 patrios
777 3022 874 3101 atque
898 3017 997 3082 etiam
1017 3018 1139 3082 cultum
1161 3017 1381 3102 vestitumque

166 3108 350 3177 amutavit.
397 3108 567 3191 Apparatu
599 3107 691 3191 regio
723 3107 890 3186 utebatur,
922 3109 1012 3171 veste
1044 3105 1183 3172 Medica:
1221 3106 1381 3171 satellites

200 3194 320 3282 Mser)
349 3199 383 3262 et
409 3195 567 3282 Aegyptii
599 3196 830 3280 sequebantur:
859 3195 1055 3279 epulabatur
1087 3216 1177 3260 mora
1203 3193 1381 3259 Persarum

164 3307 181 3355 3
199 3286 408 3368 luxuriosius,
432 3307 530 3370 quom
549 3285 605 3369 qui
628 3283 763 3349 aderant
780 3282 908 3369 perpeti
930 3285 1074 3367 possent.
1103 3281 1256 3367 Spartam
1274 3284 1380 3348 redire

201 3376 352 3441 nolebat:
383 3373 538 3455 Solonas,
571 3372 627 3458 qui
657 3374 748 3438 locus
780 3372 816 3437 in
843 3392 922 3456 agro
950 3368 1108 3456 Troade)
1142 3375 1205 3450 est,
1237 3392 1272 3436 se
1306 3394 1381 3438 con-

201 3466 334 3530 tulerat:
361 3462 408 3528 ibi
436 3460 572 3528 consilia
599 3482 672 3526 cum
699 3462 825 3545 patriae
858 3465 928 3525 tum
958 3461 1020 3524 sibi
1052 3460 1185 3524 inimica
1217 3461 1380 3544 capiebat.

241 3657 261 3726 ²)
298 3654 374 3725 Ergo
409 3654 440 3709 in
472 3653 563 3708 dieser
598 3651 766 3721 Bedeutung
820 3651 977 3722 derholung
991 3650 1271 3722 desVerbalbegriffs
1285 3668 1322 3708 ne
1336 3654 1382 3708 cui

203 3731 361 3799 (‚,wegen“)
374 3726 413 3782 ist
427 3727 491 3781 dem
504 3722 687 3779 Kanrleistile
705 3727 765 3777 ent-
818 3723 861 3778 rei
876 3727 977 3792 parcat
995 3724 1031 3778 ad
1051 3727 1117 3792 eta,
1136 3721 1190 3778 wie
1208 3721 1290 3779 Eum.
1305 3725 1340 3793 ll,
1356 3729 1381 3779 5.

202 3816 342 3855 nommen.
856 3794 878 3863 ⁶)
898 3794 931 3849 D.
941 3795 969 3851 h.
984 3795 1064 3850 nicht
1078 3811 1118 3861 so,
1138 3792 1200 3848 dass
1215 3810 1245 3848 er
1259 3793 1380 3849 sllmAlr·

241 3871 262 3939 ³)
288 3868 326 3921 Er
344 3867 471 3924 schickte
494 3867 545 3922 ihn
563 3866 606 3922 als
625 3864 765 3935 Satrapen
817 3864 876 3920 lich
899 3866 1002 3921 andere
1025 3882 1062 3920 an
1085 3864 1146 3920 sich
1164 3864 1299 3934 gelesselt
1322 3867 1380 3921 und

203 3941 276 3996 nach
299 3938 475 4009 Dascylium,
499 3957 548 3993 um
571 3952 627 3994 von
650 3939 686 3991 da
713 3953 764 3991 aus
817 3934 849 3990 in
862 3937 938 3992 scine
952 3938 1039 3993 Pldne
1054 3936 1277 4005 hincingezogen
1290 3935 1381 3993 hatte.

204 4012 250 4066 die
268 4009 540 4081 Unterhandlungen
557 4008 611 4064 mit
628 4006 711 4061 Pauo.
730 4026 764 4061 zu
817 4006 856 4060 Er
869 4009 1019 4064 entdeelrte
1033 4007 1093 4062 sich
1106 4005 1244 4061 vielmehr
1257 4024 1292 4060 zu
1305 4008 1380 4076 truh,
1476 4054 1478 4059 Α

203 4082 311 4137 fdhren.
348 4080 480 4137 Derselbe
503 4082 584 4136 hatte
603 4079 685 4133 einen
702 4077 765 4132 Teil
819 4095 850 4133 so
869 4079 932 4134 dass
954 4080 1030 4134 diere
1053 4077 1125 4132 noch
1144 4075 1312 4149 rechtaeitig
1334 4097 1379 4133 au·

204 4147 765 4221 despersischenHeeresinderSchlacht
817 4150 981 4206 ruektreton
998 4150 1132 4203 konnten.

203 4223 251 4280 bei
269 4222 372 4278 Platae
389 4224 520 4291 gerettet.
855 4220 878 4290 ὅ)
897 4221 993 4276 Meder
1010 4220 1048 4274 ist
1065 4218 1127 4272 hier
1142 4219 1192 4272 der
1209 4219 1380 4290 ellgemeine

241 4296 263 4363 ⁴)
293 4293 381 4347 Nicht
406 4293 451 4347 fur
478 4291 614 4361 effecerit,
642 4289 765 4346 sondern
818 4291 908 4346 Name
926 4293 972 4346 fur
988 4290 1095 4344 Perser.

203 4364 450 4434 unbestimmtere,
468 4362 668 4433 allgemeinere
688 4361 764 4417 Wie-
857 4363 878 4431 ⁷)
898 4358 1247 4432 Appositiomverlraltnis.
