2959 4759
531 219 591 277 XX.
618 219 814 277 TIMOLEON.
839 228 862 277 1.
1244 220 1286 285 73
1359 173 1365 182 ⁴

121 359 387 467 noninopinata'
411 383 530 469 inquit:
553 384 652 450 ‘hunc
667 384 754 448 enim
769 383 889 448 exitum
905 383 985 449 clari
998 383 1060 448 viri
1073 384 1286 450 Athenienses

120 473 300 537 habuerunt
323 472 487 557 plerique'.
525 473 634 557 Atque
657 471 692 537 in
714 469 800 556 e0¹⁰)
824 476 953 538 tantum
970 473 1034 537 fuit
1052 473 1162 538 odium
1180 474 1286 538 multi·
1305 488 1322 537 4

117 562 259 735 iiiillii
274 564 425 715 eptatnemo
449 583 547 627 ausus
571 563 614 625 sit
636 583 708 626 eum
730 561 813 626 liber
831 562 976 645 sepelire.
1015 560 1131 647 Itaque
1150 585 1169 627 a
1187 563 1288 628 servis

592 794 805 802 —.—-.-—..

513 954 589 1028 nx.
633 929 891 1027 ninonnou.

203 1092 230 1157 Ι.
264 1091 449 1177 Timoleon,
473 1090 671 1174 Corinthius,
694 1093 744 1156 vir
768 1091 912 1157 omnium
934 1090 1053 1157 iudicio
1076 1114 1214 1177 magnus
1238 1109 1323 1158 eir-1

117 1182 212 1247 stitit.
250 1180 400 1267 Namque
422 1182 499 1247 huic
520 1182 578 1246 uni
599 1180 747 1267 contigit,
770 1181 856 1265 quod
878 1181 987 1245 nescio
1012 1201 1054 1245 an
1075 1181 1174 1266 nulli,
1196 1186 1233 1246 ut
1255 1188 1289 1249 et

118 1271 269 1356 patriam,
291 1271 325 1336 in
350 1293 413 1356 qua
437 1275 507 1335 erat
524 1276 632 1352 natus,
655 1291 845 1355 oppressam
868 1291 888 1334 a
906 1273 1046 1354 tyranno
1069 1270 1233 1354 liberaret,
1255 1276 1289 1337 et

117 1358 390 1444 aSyracusanis‚
421 1360 537 1444 quibus
565 1359 685 1425 auxilio
713 1363 784 1423 erat
810 1360 943 1443 missus,
975 1359 1040 1423 iam
1073 1360 1287 1425 inveteratam

118 1449 307 1514 servitutem
336 1448 511 1532 depelleret
533 1452 702 1533 totamque
726 1446 883 1529 Siciliam,
908 1447 1029 1512 multos
1053 1468 1154 1513 annos
1178 1452 1211 1513 et
1233 1447 1288 1514 do·

116 1537 259 1603 mesticis
288 1536 499 1602 seditionibus
528 1541 561 1602 et
588 1537 802 1601 barbarorum
829 1536 923 1601 bellis
951 1540 1117 1620 vexatam,
1148 1558 1206 1602 suo
1234 1537 1288 1602 ad·

116 1630 215 1691 ventu
243 1626 277 1690 in
304 1626 477 1709 pristinum
500 1626 696 1692 restitueret.
733 1626 843 1710 Atque
866 1625 900 1689 in
929 1624 981 1688 his
1003 1625 1099 1689 rebus
1122 1646 1188 1690 non
1212 1626 1323 1691 sim-2

115 1715 193 1799 plici
221 1714 353 1780 fortuna
380 1714 597 1798 conflictatus,
628 1714 660 1778 id
691 1714 778 1797 quod
809 1713 973 1778 difficilius
1001 1716 1150 1796 putatur,
1184 1716 1287 1781 multo

118 1803 298 1888 sapientius
317 1803 394 1867 tulit
416 1803 592 1868 secundam
611 1824 709 1888 quam
728 1802 896 1867 adversam
915 1799 1124 1887 fortunam1).
1155 1802 1289 1868 Etenim
1306 1819 1323 1867 3

117 1914 189 1958 cum
207 1891 311 1957 frater
329 1892 397 1956 eius
414 1891 642 1975 Timophanes,
662 1890 725 1955 dux
744 1913 764 1955 a
783 1888 962 1956 Corinthiis
981 1890 1131 1974 delectus,
1151 1893 1193 1973 [a.
1207 1892 1286 1973 364]

115 1980 322 2066 tyrannidem
349 2002 408 2064 per
431 1981 551 2044 milites
579 1979 819 2045 mercennarios
843 1984 1034 2062 occupasset
1060 1981 1287 2065 particepsque

113 2071 206 2156 regni
234 2069 305 2152 ipse
333 2073 444 2153 posset
471 2090 555 2153 esse,
583 2072 712 2133 tantum
741 2067 824 2132 afuit
851 2090 871 2132 a
898 2068 1053 2133 societate
1081 2069 1225 2152 sceleris,
1251 2073 1289 2134 ut

113 2159 232 2225 civium
262 2158 445 2223 libertatem
477 2157 590 2223 fratris
621 2157 719 2222 saluti
750 2155 925 2222 anteferret
953 2159 987 2220 et
1014 2178 1129 2241 parere
1159 2157 1287 2243 legibus

113 2269 211 2333 quum
240 2246 399 2330 imperare
433 2247 535 2312 satius
563 2246 702 2310 duceret.
752 2244 825 2310 Hac
855 2249 963 2310 mente
994 2267 1053 2329 per
1084 2246 1322 2330 haruspicem

114 2341 147 2402 et
175 2356 378 2402 communem
409 2334 554 2419 affinem,
586 2335 638 2401 cui
667 2355 760 2399 soror
788 2356 826 2399 ex
853 2333 955 2399 isdem
984 2335 1174 2418 parentibus
1207 2339 1287 2400 nata

113 2429 219 2509 nupta
237 2428 317 2507 erat,
335 2425 469 2489 fratrem
487 2427 664 2509 tyrannum
681 2422 944 2489 interficiundum
963 2424 1097 2488 curavit
1128 2422 1203 2507 Ipse
1221 2446 1287 2490 non

114 2515 211 2579 modo
238 2535 353 2578 manus
381 2533 448 2578 non
475 2514 598 2596 attulit,
626 2512 683 2577 sed
710 2534 751 2577 ne
780 2512 924 2596 aspicere
952 2512 1080 2597 quidem
1107 2512 1286 2580 fraternum

114 2602 306 2689 sanguinem
338 2602 450 2667 voluit.
503 2600 590 2667 Nam
623 2602 699 2666 dum
731 2623 783 2666 res
815 2597 1076 2687 conficeretnr²),
1108 2602 1220 2684 procul
1252 2603 1287 2666 in

114 2690 277 2775 praesidio
306 2690 383 2774 fuit,
412 2689 548 2775 nequis
572 2690 704 2755 satelles
727 2694 838 2773 posset
861 2711 1056 2756 succurrere.
1100 2689 1173 2756 Hoc
1195 2704 1321 2774 prae-c

114 2779 331 2844 clarissimum
350 2780 418 2843 eius
436 2780 560 2844 factum
582 2800 648 2844 non
666 2780 738 2863 pari
761 2779 857 2844 modo
883 2778 924 2843 ab
945 2780 1094 2843 omnibus
1113 2781 1287 2862 probatum

114 2871 176 2932 est:
208 2867 358 2931 nonnulli
377 2868 464 2931 enim
487 2869 609 2932 laesam
628 2868 669 2931 ab
693 2887 731 2932 eo
751 2868 909 2950 pietatem
927 2868 1088 2951 putabant
1112 2872 1144 2932 et
1165 2868 1288 2934 invidia

113 2953 242 3018 laudem
265 2954 396 3018 virtutis
419 2954 619 3018 obterebant
660 2952 767 3018 Mater
792 2977 866 3020 vero
889 2960 965 3038 post
987 2955 1021 3019 id
1038 2956 1161 3020 factum
1183 2979 1287 3042 neque

115 3042 248 3109 domum
276 3041 317 3105 ad
340 3063 374 3105 se
402 3041 505 3107 filium
528 3041 661 3106 admisit
682 3063 787 3126 neque
811 3043 951 3126 aspexit,
982 3044 1059 3127 quin
1082 3064 1154 3107 eum
1177 3045 1287 3110 fratri·

15 3135 16 3210 ζ
114 3131 220 3198 cidam
252 3129 451 3216 impiumque
484 3130 647 3194 detestans
680 3130 900 3212 compellaret.
950 3128 1075 3205 Quibus
1102 3131 1199 3197 rebus
1231 3134 1322 3199 illes

15 3227 16 3252 ³
115 3221 195 3285 adeo
215 3223 266 3284 est
284 3222 475 3304 commotus,
492 3221 531 3284 ut
548 3239 792 3302 nonnumquam
811 3219 895 3283 vilae
914 3219 1013 3284 finem
1030 3219 1135 3284 facere
1148 3221 1287 3287 voluerit

114 3314 211 3395 atque
235 3331 274 3374 ex
295 3308 499 3394 ingratorum
522 3307 691 3373 hominum
715 3310 890 3392 conspectu
914 3311 1017 3372 morte
1041 3307 1236 3395 decederel).

201 3396 244 3462 Π.
267 3397 402 3462 Interim
417 3397 521 3464 Dione
537 3396 705 3482 Syracusis
725 3393 929 3483 interlect04)
946 3395 1123 3482 Dionysius
1149 3400 1190 3480 [a.
1206 3399 1286 3481 346]
1307 3414 1321 3463 1

15 3533 16 3540 κ
115 3508 225 3552 rursus
241 3484 473 3571 Syracusarum
492 3486 616 3573 potitus
640 3491 698 3551 est.
745 3484 844 3553 (iuius
869 3486 1045 3551 adversarii
1068 3509 1163 3571 opem
1187 3485 1285 3554 aOo-

151 3679 184 3749 10)
203 3680 236 3733 In
254 3696 278 3734 c.
292 3679 346 3733 abl.
365 3678 528 3734 bezeichnet
541 3680 603 3734 hier
617 3681 671 3734 den
726 3679 853 3734 dankens
871 3679 952 3734 starls
968 3678 1077 3748 horror,
1095 3679 1150 3734 mit
1166 3679 1287 3735 welches

113 3749 292 3818 Gegsnstand
320 3751 369 3804 des
394 3750 505 3806 Hasses.
548 3740 671 3805 innuen
727 3750 865 3805 Weisheit
892 3752 950 3804 und
975 3750 1137 3820 Mtlsigung
1163 3750 1287 3806 nomnen

112 3820 202 3877 Alcib.
220 3818 268 3889 111,
286 3825 312 3874 5.
343 3819 424 3875 Eum.
443 3819 516 3890 XHl,
534 3827 558 3877 2.
725 3820 833 3876 arcein
853 3819 944 3876 alcen
963 3820 992 3876 in
1012 3820 1250 3892 Sicilienertrug.

150 3892 170 3963 1)
188 3891 226 3945 Es
240 3890 314 3959 folgt
327 3907 385 3945 nun
398 3889 532 3946 aunaohst
544 3889 588 3946 bis
607 3910 670 3946 aum
762 3909 784 3980 ι)
802 3909 937 3965 Gedffie
957 3910 1006 3965 de,
1026 3909 1179 3966 Timoleon,

112 3961 408 4089 {alileam
724 3996 1285 4127 ,rselesiensem

114 4105 291 4174 (ledankens,
311 4105 364 4158 wie
383 4105 448 4158 sehr
467 4103 527 4158 sich
544 4102 670 4158 namlioh

115 4175 262 4233 Timoleon
290 4175 402 4231 daheim
430 4175 532 4229 durohs
559 4175 671 4246 Misage-
763 4176 785 4245 ⁴)
807 4173 889 4230 Naoh
914 4175 978 4229 dem
1000 4174 1078 4230 Tode
1101 4176 1187 4232 Diona
1210 4178 1285 4248 (363)

115 4246 209 4301 schiok
228 4248 338 4317 beugen
356 4246 427 4302 liels.
454 4246 485 4300 ln
503 4246 554 4301 der
566 4262 672 4329 puzan
726 4245 823 4301 erluhr
858 4245 977 4314 Syracus
1016 4246 1167 4301 mehrmals
1204 4247 1286 4302 einen

114 4318 273 4388 Ernthlung
291 4334 347 4375 von
366 4335 427 4388 cap.
442 4316 469 4371 Π
488 4333 524 4372 an
541 4320 606 4372 tritt
623 4318 671 4371 da·
726 4317 1005 4386 Tyrannenwechsel,
1022 4317 1066 4372 bis
1085 4317 1235 4385 Dionysius
1249 4317 1284 4374 II.

113 4404 206 4460 gagen
234 4389 279 4444 die
307 4389 409 4445 andere
437 4388 514 4445 Seite
541 4389 590 4443 des
619 4387 672 4443 Ge·
727 4391 802 4458 (346)
820 4387 925 4444 wieder
950 4406 999 4443 sur
1021 4388 1187 4444 Herrschalt
1208 4388 1283 4442 kam.
