2959 4759
188 174 227 227 iv
574 175 784 231 Parasino
803 175 984 246 neironis.

187 337 303 401 horum
334 337 385 401 vel
418 338 534 421 optimi
567 360 680 403 omnes
711 341 983 425 interpolatorum
1014 341 1112 427 nugis
1145 341 1291 426 adspersi
1328 363 1376 406 ea

187 442 338 509 dictionis
357 443 439 508 vitia
457 443 625 531 haberent,
649 468 731 530 quae
750 447 785 510 in
805 448 995 531 scriptorem
1009 433 1184 526 Ciceronis,
1203 447 1376 532 Caesaris,

188 548 352 633 Sallustii,
379 551 482 615 Attici
513 554 679 636 aequalem
708 558 741 617 et
767 554 835 618 fere
867 554 1061 620 familiarem
1089 556 1202 620 cadere
1230 554 1371 620 minime

186 656 379 725 viderentur.
424 656 544 722 Postea
571 681 644 724 cum
672 659 822 725 Weidner
846 661 919 725 aliis
947 661 1064 726 studiis
1092 666 1269 746 occupatus
1293 684 1371 726 renr

185 762 241 826 vix
258 763 445 829 incohatam
464 765 659 849 reliquisset,
674 771 827 831 monente
837 766 1142 853 Parthenopolitani
1161 769 1258 851 illius,
1277 770 1370 854 quod

186 869 337 955 diximus,
355 872 517 955 gymnasii
535 876 668 951 rectore,
687 871 773 939 Guil.
792 873 924 958 Herbst,
948 896 1008 960 ego
1028 897 1101 940 eam
1119 876 1155 939 in
1176 898 1227 940 me
1246 877 1371 961 recepi,

186 980 378 1061 gratumque
401 977 547 1042 facturus
570 979 709 1044 maxime
737 979 787 1043 illi
810 980 940 1046 scholae
964 981 1046 1045 mihi
1067 981 1214 1064 videbar,
1241 983 1275 1047 iu
1299 1004 1370 1066 qua

184 1083 249 1147 tale
271 1083 395 1168 aliquid
413 1084 535 1148 iamdiu
557 1084 777 1149 desideratum
801 1090 894 1150 esset.
931 1086 980 1151 Ac
999 1088 1139 1170 primum
1157 1086 1367 1173 Nipperdeyi

186 1190 325 1254 maxime
358 1192 601 1273 annotationes,
638 1214 718 1276 quas
752 1192 875 1257 maiore
908 1193 1049 1258 editione
1082 1192 1226 1280 (Lipsiae
1259 1194 1367 1281 1849)

185 1297 345 1380 exhibuit,
378 1302 521 1381 secutus,
554 1299 631 1383 quid
663 1299 701 1363 de
730 1321 857 1384 quaque
890 1322 925 1364 re
953 1303 1077 1364 veteres
1108 1302 1282 1386 scriptores
1312 1304 1370 1367 vel

185 1402 325 1468 Romani
357 1403 410 1467 vel
443 1402 558 1469 Graeci
595 1405 729 1490 dignum
763 1406 825 1470 fide
856 1407 907 1471 vel
940 1407 1109 1492 indignum
1140 1408 1369 1492 tradidissent,

185 1510 382 1596 examinavi,
419 1511 533 1593 deinde
567 1516 715 1577 accurate
752 1513 893 1597 inspexi,
931 1536 1027 1598 quam
1064 1514 1168 1598 Roth,
1204 1514 1369 1599 Benecke,

185 1613 284 1679 Halm
308 1639 347 1681 ex
369 1616 461 1682 libris
486 1619 666 1703 scripturae
689 1618 941 1701 discrepantiam
964 1619 1187 1705 vulgaverant.
1233 1619 1286 1685 sic
1308 1622 1368 1686 via

184 1723 278 1806 quasi
296 1723 502 1806 praemunita
521 1725 610 1808 ipsas
629 1726 714 1789 vitas
734 1725 775 1789 ad
798 1748 892 1790 usum
912 1726 1097 1791 scholarum
1116 1727 1364 1793 accommodare

185 1849 359 1914 aggressus
384 1853 465 1915 sum,
486 1832 582 1917 idque
605 1831 667 1895 feci
690 1832 771 1896 haec
794 1837 960 1915 spectans:

275 1938 308 2021 1)
328 1940 364 2002 ut
381 1959 490 2001 rerum
508 1937 669 2003 delectum
689 1942 721 2002 et
739 1939 900 2004 sentiendi
919 1939 1146 2025 iudicandique
1161 1942 1201 2006 de
1220 1942 1361 2027 singulis

182 2044 234 2106 vel
256 2043 353 2119 rebus
376 2045 427 2108 vel
449 2045 637 2109 hominibus
656 2045 826 2129 rationem,
848 2049 886 2109 ut
909 2051 988 2130 apta
1010 2046 1150 2131 ingeniis
1172 2070 1359 2132 puerorum,

184 2172 364 2235 servarem3

273 2254 309 2344 2)
334 2258 516 2323 orationem
536 2258 703 2341 scriptoris
727 2262 824 2349 atque
848 2259 945 2322 etiam
965 2281 1011 2342 ea,
1034 2281 1116 2344 quae
1140 2262 1273 2345 propria
1292 2262 1361 2325 eius

184 2370 217 2428 et
241 2388 260 2429 a
283 2370 465 2430 ceterorum
488 2365 718 2430 consuetudine
743 2364 870 2429 diversa
896 2370 1013 2447 essent,
1035 2367 1132 2431 modo
1156 2390 1176 2432 a
1198 2369 1362 2432 latinitate

183 2493 225 2534 ne
248 2472 474 2556 abhorrerent,
493 2474 531 2535 ut
553 2472 738 2554 retinerem3

273 2575 309 2664 3)
332 2600 415 2662 quae
443 2581 551 2642 autem
580 2579 709 2642 soloeca
737 2581 847 2641 essent
878 2582 935 2642 aut
962 2600 1035 2643 cum
1064 2581 1248 2664 praeceptis
1279 2581 1362 2647 bene

184 2684 345 2749 scribendi
375 2684 570 2769 pugnantia,
607 2684 676 2748 sire
704 2683 865 2748 scribendi
893 2686 1054 2770 elegantia
1083 2686 1151 2750 sive
1183 2687 1362 2753 disserendi

184 2791 352 2855 subtilitas
371 2790 615 2874 desideraretur,
629 2811 668 2853 ea
686 2793 723 2854 ut
741 2790 949 2856 emendarem
967 2797 1065 2876 atque
1081 2792 1128 2856 ita
1147 2794 1360 2880 emendarem,

183 2902 221 2963 ut
244 2898 285 2963 ad
309 2898 404 2962 fidem
427 2898 587 2963 librorum
611 2917 708 2981 quam
733 2898 879 2981 proxime
902 2899 1096 2963 accederem.

273 3004 309 3090 4)
333 3004 372 3069 In
395 3005 492 3069 rebus
516 3026 599 3089 quae
622 3004 707 3069 falso
730 3004 851 3069 tradita
875 3009 996 3088 essent,
1024 3027 1062 3069 ea
1084 3006 1118 3069 in
1149 3005 1257 3084 animo
1281 3012 1360 3093 erat,

184 3114 290 3199 quoad
313 3114 384 3177 fieri
407 3116 517 3196 posset
540 3111 716 3176 levioribus
738 3111 931 3195 quibusdam
954 3112 1284 3176 transmutationibus
1308 3114 1359 3176 vel

184 3221 491 3304 interpolationibus
525 3220 596 3283 sine
629 3219 781 3283 liberiore
814 3223 984 3284 contextus
1017 3217 1285 3300 conformatione,
1319 3219 1359 3281 ad

184 3332 366 3393 ceterorum
386 3326 581 3409 scriptorum
601 3323 828 3389 auctoritatem
848 3324 1024 3408 corrigere3
1043 3324 1095 3386 sin
1114 3324 1220 3387 miuus
1239 3327 1358 3407 posset,

185 3432 454 3499 annotationibus
487 3431 652 3495 contextui
686 3430 855 3511 subiectis,
888 3429 963 3513 quid
996 3450 1123 3513 quoque
1155 3430 1227 3494 loco
1253 3429 1358 3495 verius

184 3545 242 3607 aut
264 3540 334 3605 veri
358 3539 496 3603 similius
519 3536 692 3619 videretur,
716 3536 858 3600 breviter
882 3536 995 3599 dicere.

274 3645 309 3732 5)
333 3645 467 3710 Eisdem
491 3642 757 3707 annotationibus
780 3641 930 3707 volebam
954 3645 999 3724 et,
1025 3664 1107 3727 quae
1129 3642 1226 3705 nimis
1248 3662 1357 3724 presse

184 3754 226 3819 ob
242 3775 377 3837 eamque
391 3774 459 3817 rem
474 3752 580 3815 minus
595 3748 732 3812 dilucide
746 3747 965 3832 proferuntur,
975 3749 1151 3813 adiciendis
1167 3746 1356 3832 quibusdam

184 3860 281 3924 rebus
304 3859 496 3924 necessariis
520 3856 694 3939 explanare
719 3857 765 3937 et,
794 3875 858 3938 quo
882 3855 1010 3920 facilius
1034 3856 1163 3941 singula
1185 3854 1356 3918 memoriae

185 3964 425 4048 mandarentur,
450 3983 610 4028 annorum
631 3961 874 4043 computatione
898 3982 936 4026 ea
958 3961 1131 4042 illustrare,
1155 3961 1302 4044 denique,
1324 3961 1355 4023 in

185 4072 367 4138 elocutione
391 4071 418 4133 si
442 4091 505 4153 qua
528 4067 666 4152 Nepotis
689 4066 823 4151 propria
845 4067 1038 4150 viderentur,
1061 4067 1241 4151 designare.

275 4175 310 4265 6)
334 4177 516 4260 Praeterea,
538 4179 575 4239 ut
599 4174 638 4239 ad
657 4173 896 4256 percipiendam
917 4195 1024 4237 rerum
1040 4173 1157 4236 seriem
1175 4172 1354 4248 historiam·

185 4308 247 4371 que
267 4281 524 4370 cognoscendam
543 4302 716 4365 puerorum
735 4285 861 4348 mentes
881 4280 1123 4362 adiuvarentur,
1142 4280 1242 4342 alium
1262 4283 1353 4360 atque

1379 4501 1391 4532 Χ
