2959 4759
387 271 420 327 x,
450 270 548 326 DION.
574 278 615 327 10.
651 271 699 326 xl.
726 269 948 326 IPfflcRATES.
974 279 998 326 1.
1215 272 1279 336 <37

97 434 279 499 cubantem
307 433 478 519 invadunt,
506 434 680 519 colligant:
708 435 746 498 fit
774 434 941 518 strepitus,
969 434 1049 499 adeo
1077 437 1115 498 ut
1137 434 1315 499 exaudirit

95 525 217 607 posset
239 521 330 586 foris.
366 521 438 603 His,
462 523 546 588 sicut
564 526 640 586 ante
664 544 760 606 saepe
768 519 808 605 ³⁴)
832 522 1033 606 dictumest,
1056 543 1152 606 quam
1174 522 1280 587 inrisa

97 611 146 675 sit
176 611 350 695 singularis
373 612 521 694 potentia
543 615 577 676 et
600 611 783 675 miseranda
806 612 886 691 rita,
916 611 971 696 qui
995 633 1029 675 se
1053 611 1154 676 metui
1182 632 1280 695 quam

96 700 208 764 amari
237 700 378 782 malunt,
405 700 507 764 cuivis
534 699 628 763 facile
654 700 821 764 intellectu
848 699 918 764 fuit
959 697 1108 783 Namque
1135 699 1185 763 illi
1214 701 1314 783 ipsie

95 787 265 872 custodes,
284 787 312 851 si
330 791 483 872 prompta
501 787 641 853 fuissent
653 788 832 872 voluntate,
849 787 976 853 foribus
991 788 1132 853 effractis
1152 810 1279 853 servare

95 897 179 941 eum
197 877 390 961 potuissent,
413 876 500 961 quod
517 875 568 940 illi
587 876 725 941 inermes
745 877 847 940 telum
864 875 945 941 foris
964 876 1151 961 flagitantes
1169 875 1280 941 vivum

96 964 268 1030 tenebant.
305 961 367 1029 Oui
390 986 464 1030 cum
488 969 687 1030 succurreret
709 986 815 1048 nemo,
833 962 971 1050 Lycen)
995 965 1125 1050 quidam
1145 962 1280 1047 Syracu-

95 1075 203 1119 sanus
226 1075 284 1137 per
307 1052 484 1118 fenestram
507 1053 654 1137 gladium
677 1052 778 1132 dedit,
809 1073 873 1136 quo
895 1051 983 1118 Dion
1005 1053 1197 1118 interfectus
1221 1059 1280 1117 est.

193 1141 232 1208 X.
270 1139 427 1207 Confecta
459 1142 570 1225 caede,
599 1163 670 1207 cum
703 1141 878 1206 multitudo
909 1142 1034 1207 visendi
1066 1141 1173 1227 gratia
1205 1155 1315 1206 con-1

95 1229 256 1314 venisset,
274 1231 426 1295 nonnulli
446 1230 485 1294 de
503 1230 616 1296 insciis
634 1251 693 1314 pro
712 1229 820 1295 noxiis
835 1230 1057 1297 conciduntur.
1085 1229 1172 1294 Nam
1186 1230 1281 1294 celeri

94 1340 235 1383 rumore
254 1318 366 1402 dilato,
379 1317 480 1383 Dioni
493 1319 560 1383 vim
580 1319 724 1401 allatam,
744 1319 841 1383 multi
860 1316 1143 1402 concurrerantN),
1162 1318 1280 1402 quibus

95 1409 172 1472 tale
192 1407 318 1472 facinus
341 1406 545 1491 displicebat.
577 1406 623 1471 Hi
646 1407 730 1472 falsa
754 1407 938 1492 suspicione
961 1407 1048 1472 ducti
1072 1408 1279 1472 immerentes

96 1501 136 1561 ut
175 1496 351 1561 sceleratos
383 1495 543 1561 occidunt.
588 1494 681 1559 Illius
714 1498 825 1560 autem
853 1496 892 1560 de
924 1499 1029 1561 morte
1056 1501 1093 1561 ut
1124 1492 1317 1581 palam⁸⁷)a

98 1586 230 1651 factum
254 1589 318 1667 est,
342 1584 538 1649 mirabiliter
560 1584 659 1668 vulgo
683 1588 808 1649 mutata
836 1590 887 1649 est
909 1585 1069 1650 voluntas.
1115 1583 1201 1649 Nam
1226 1584 1283 1668 qui

97 1675 216 1738 vivum
239 1672 337 1737 modo
360 1676 536 1757 tyrannum
559 1674 755 1755 vocitarent,
777 1672 863 1737 idem
886 1678 1050 1737 mortuum
1073 1673 1282 1737 liberatorem

99 1763 234 1845 patriae
265 1762 459 1845 tyrannique
492 1762 697 1845 expulsorem
728 1760 970 1843 praedicabant.
1016 1761 1065 1825 Ae
1095 1761 1141 1826 sic
1171 1761 1281 1826 subito

100 1850 332 1915 misericordia
355 1849 430 1914 odio
455 1853 667 1929 successerat,
690 1852 728 1914 ut
751 1871 825 1914 eum
849 1871 908 1915 suo
933 1850 1092 1935 sanguine
1115 1850 1157 1914 ab
1180 1849 1282 1914 Ache·

101 1942 214 2022 runte,
233 1940 261 2002 si
279 1942 425 2023 possent,
444 1940 599 2022 cuperent
611 1938 776 2002 redimere.
800 1938 915 2022 Itaque
929 1939 964 2002 in
978 1939 1057 2003 urbe
1071 1938 1282 2003 celeberrimo
1301 1951 1317 2000 3

99 2028 189 2111 loco,
213 2026 319 2091 elatus
342 2026 488 2110 publice,
517 2027 658 2110 sepulcri
686 2030 899 2091 monumento
922 2027 1062 2091 donatus
1085 2030 1143 2092 est
1189 2026 1282 2091 Diem

101 2116 189 2181 obiit
213 2115 342 2180 circiter
361 2136 465 2180 annos
485 2115 722 2200 quinquaginta
743 2115 884 2199 quinque
901 2119 1008 2197 natus,
1031 2120 1183 2200 quartum
1206 2119 1285 2199 post

101 2226 237 2288 annum,
261 2226 358 2288 quam
382 2225 421 2268 ex
446 2204 667 2287 Peloponneso
690 2204 723 2267 in
748 2202 893 2268 Siciliam
921 2204 1063 2269 redierat

590 2399 802 2406 ...w

498 2557 559 2630 XI.
592 2556 890 2632 IPHIORATES.

192 2699 218 2764 1.
260 2697 440 2782 Iphicrates
472 2695 684 2761 Atheniensis
715 2718 784 2762 non
815 2700 883 2761 tam
916 2696 1138 2783 magnitudine
1170 2714 1314 2762 reruml

105 2793 277 2874 gestarum
297 2809 395 2871 quarn
414 2786 585 2870 disciplina
604 2784 741 2849 militari
748 2784 773 2870 ¹)
796 2786 989 2852 nobilitatus
1008 2792 1066 2853 est.
1103 2785 1179 2851 Fuit
1197 2786 1283 2851 enim

102 2878 182 2941 talis
209 2874 288 2957 dux,
311 2878 350 2940 ut
373 2897 439 2940 non
468 2875 572 2938 solum
598 2894 675 2937 suae
699 2873 818 2939 aetatis
841 2896 912 2938 cum
941 2875 1056 2959 primis
1080 2897 1282 2959 comparare-

101 2969 172 3049 tur,
202 2963 259 3029 sed
287 2985 329 3028 ne
358 2963 397 3027 de
425 2963 603 3027 maioribus
612 2958 639 3047 ²)
669 2961 799 3045 quidem
823 2963 994 3047 quisquam
1023 2967 1282 3046 anteponeretur.

103 3053 277 3138 Nusquam
306 3053 401 3136 culpa
429 3052 513 3116 male
541 3071 610 3113 rem
639 3050 755 3133 gessit,
782 3054 974 3134 tantumque
1004 3052 1141 3116 consilio
1171 3051 1317 3135 valuit,2

102 3147 140 3207 ut
168 3142 274 3207 multa
297 3141 331 3205 in
354 3162 388 3204 re
416 3139 551 3204 militari
575 3137 695 3221 partim
719 3158 804 3203 nova
832 3137 979 3202 attulerit
1001 3140 1119 3222 partim
1145 3140 1280 3203 meliora

102 3230 225 3296 iecerit.
270 3227 420 3313 Namque
452 3226 615 3312 pedestria
646 3247 737 3289 arma
770 3226 916 3291 mutavit.
961 3225 1043 3293 Cum
1075 3232 1149 3292 ante
1187 3228 1316 3292 illuma

104 3320 340 3403 imperatorem
363 3316 513 3380 maximis
537 3315 664 3399 clipeis,
687 3315 838 3380 brevibus
861 3314 980 3396 hastis,
1003 3315 1137 3381 minutis
1162 3315 1281 3403 gladiis

142 3510 179 3581 ⁸⁴)
207 3508 257 3565 Bei
276 3507 396 3563 blolsem
414 3509 508 3575 Beaug
530 3505 584 3561 auf
598 3507 631 3574 V,
650 3513 666 3562 3
721 3506 897 3563 bestimmtes
911 3507 1033 3563 Gertcht
1047 3508 1206 3564 verbreitet
1221 3509 1278 3564 Der

103 3582 201 3636 wurde
242 3597 328 3649 supra
370 3579 442 3633 statt
481 3578 548 3632 ante
584 3594 668 3647 saepe
720 3577 869 3633 Ausdruelr
882 3580 985 3649 gehcrt
998 3579 1279 3649 derVulgarsprache

104 3653 213 3708 slehen.
250 3649 315 3720 Vgl.
339 3648 435 3718 Pelop.
460 3646 509 3716 1v,
530 3654 555 3703 1.
592 3649 668 3703 Ater
720 3666 767 3716 an,
785 3648 956 3719 wenigstens
973 3650 1013 3704 im
1032 3649 1127 3706 Aktiv.

104 3723 131 3794 N
168 3740 201 3777 os
236 3722 349 3775 beaieht
380 3720 441 3773 sich
472 3718 523 3773 auf
554 3718 667 3775 hahere
759 3720 779 3790 ¹)
796 3719 940 3776 Diremit.
954 3722 993 3776 ist
1007 3720 1279 3791 hiernichtKriegs-

102 3793 129 3847 A
174 3809 243 3848 erun
282 3810 301 3846 n
324 3790 417 3846 ausser
437 3788 545 3845 diesem
562 3789 666 3845 Buehe.
720 3792 945 3859 mehtsondern
954 3791 1150 3862 Kriegslrunst,
1165 3792 1278 3850 Taktilr.

142 3863 176 3934 ³⁶)
195 3863 251 3918 Wa
271 3860 439 3917 rseheinlich
454 3860 530 3916 einer
543 3876 598 3915 von
613 3861 667 3915 den
720 3862 773 3916 Die
789 3863 899 3918 Thaten
916 3864 965 3917 des
978 3862 1080 3932 Iphicr.
1096 3880 1189 3918 waren
1208 3882 1280 3919 zwar

105 3933 258 4005 praefectis
277 3932 433 3987 custodum.
720 3934 862 3999 illustres,
898 3934 966 3988 aber
1005 3933 1085 3989 nicht
1126 3935 1280 4004 eigentlieh

142 4006 177 4076 Μ)
197 4003 265 4059 Dias
284 4004 324 4058 ist
341 4002 421 4057 nieht
438 4001 529 4056 blosse
540 4000 667 4057 Wieder»
721 4004 1144 4075 magnae(ronweittragenden
1151 4005 1279 4076 tolgan),

105 4076 223 4144 holong.
260 4073 370 4129 Vorher
394 4088 452 4128 war
475 4090 530 4127 nur
551 4071 598 4127 ein
616 4073 668 4126 Zu-
721 4074 787 4129 weil
806 4090 836 4128 er
853 4092 907 4129 nur
924 4075 977 4129 mit
995 4074 1214 4132 Sdldnerheeren
1235 4079 1280 4132 fur

106 4145 298 4202 sammenlauf
335 4144 496 4213 uberhaupt
532 4143 667 4198 eruthnt.
722 4143 967 4214 angenblickliche
995 4146 1111 4205 Zwecke
1143 4148 1280 4218 iamper,

105 4218 171 4272 Nun
194 4216 265 4271 wird
289 4215 317 4268 h'
393 4215 486 4285 eldgt‚
511 4212 572 4268 dass
596 4215 668 4269 anch
723 4217 796 4270 ohne
816 4215 997 4271 Staatsmann
1016 4235 1050 4272 zu
1069 4218 1138 4273 sein.

106 4288 234 4343 Freunde
259 4285 309 4340 der
328 4284 366 4340 Or
405 4303 464 4354 ung
486 4286 543 4340 und
563 4282 669 4339 deinde
760 4286 782 4354 ²)
802 4286 889 4341 Nicht
907 4292 985 4356 natu,
1003 4288 1123 4343 sondern
1137 4290 1231 4344 aetate
1249 4308 1283 4343 au

103 4355 669 4428 jederGewaltthatherbeigeeiltwaren.
723 4364 875 4426 erganzen,
898 4374 929 4412 so
953 4358 1016 4413 dale
1042 4358 1102 4413 also
1127 4358 1282 4414 maioribus

145 4430 178 4498 ⁰⁷)
193 4428 322 4497 Ansangs
336 4427 417 4482 hatte
433 4427 492 4481 sich
501 4444 554 4481 nur
563 4427 609 4481 ein
619 4444 669 4480 un·
724 4453 758 4472 =
778 4428 975 4498 superioribus,
