2959 4759
166 181 209 247 84
532 180 618 237 XXII.
645 180 844 237 HANNIBAL.
865 188 965 239 1213.

166 348 404 429 conspexerunt
423 344 638 427 serpentibus,
656 365 741 409 nova
759 366 793 409 re
811 345 988 429 perterriti,
1008 366 1090 428 eum,
1110 346 1186 429 quid
1204 347 1341 431 potissi-

165 455 254 497 mum
277 433 432 516 vitarent,
461 453 528 497 non
551 433 711 514 viderent,
738 454 864 519 puppes
887 437 1055 498 verterunt
1082 456 1180 520 seque
1208 435 1250 499 ad
1279 458 1341 501 sua

131 528 275 587 acastre
297 522 428 587 nautica
445 521 647 587 rettulerunt
685 520 738 587 Sic
757 520 925 586 Hannibal
948 523 1085 587 consilio
1109 545 1201 588 arma
1218 523 1339 610 Perga·

166 631 334 676 menorum
353 610 528 695 superavit,
545 632 650 696 neque
668 613 739 675 tum
759 610 875 693 solum,
891 609 948 675 sed
965 632 1061 695 saepe
1081 612 1163 677 alias
1181 613 1340 696 pedestri-

166 701 226 765 bus
250 700 351 783 copiis
374 700 447 783 pari
468 699 640 782 prudentia
662 697 866 765 adversarios
889 700 1025 785 pepulit.

132 805 145 853 1
253 787 328 853 XII.
365 786 455 863 Quae
478 788 586 853 dum
577 810 612 852 ιι
635 787 716 852 Αιιι
739 791 911 872 geruntur,
934 789 1051 853 accidit
1074 810 1152 854 casu
1174 792 1212 853 ut
1234 791 1339 875 legati

165 873 368 963 Eumenisll)
397 877 520 941 Romam
544 875 686 960 apudL
716 875 904 952 Quinctium
935 875 1156 943 Flamininum
1191 879 1233 960 [a
1259 879 1337 960 183]

166 966 368 1031 consulerem
388 970 541 1030 oenarent
558 989 578 1030 a
578 968 654 1068 tque
677 965 725 1029 ibi
746 965 785 1029 de
803 963 989 1030 Hannibale
1007 966 1172 1031 mentione
1190 965 1280 1032 faeta
1298 989 1339 1032 ex

128 1055 205 1120 aiis
232 1076 317 1119 unus
345 1055 465 1119 diceret
492 1076 565 1119 eum
588 1055 623 1119 in
644 1053 779 1118 Prusiae
807 1075 908 1139 regno
936 1075 1015 1118 esse.
1058 1054 1096 1119 Id
1125 1058 1258 1157 postero
1287 1055 1339 1120 die

164 1141 367 1210 Flamininus
389 1143 518 1208 senatui
541 1143 666 1208 detulit
711 1140 841 1226 Patres,
872 1143 928 1227 qui
949 1141 1136 1208 Hannibale
1159 1144 1234 1209 ιιιο
1258 1165 1340 1209 nun·

165 1254 261 1335 quam
285 1254 320 1297 se
348 1233 418 1297 sine
440 1231 567 1296 insidiis
589 1231 641 1296 fut
626 1235 716 1296 turos
747 1230 985 1316 existimarent,
1012 1231 1102 1318 legat
1103 1252 1140 1297 os
1163 1233 1198 1296 in
1219 1232 1340 1316 Bithy-

164 1322 253 1385 niam
272 1321 475 1423 miserunt,
465 1342 499 1384 ιι
522 1320 562 1384 iis
586 1320 622 1387 Τ.
640 1316 915 1405 Flamininuml‘),
938 1320 992 1405 qui
1016 1320 1058 1384 ab
1080 1341 1157 1406 rege
1179 1324 1339 1406 peterent,

129 1429 206 1476 sne
233 1409 494 1474 inimicissimum
524 1430 618 1474 suum
650 1429 760 1473 secum
790 1407 926 1473 heberet
911 1408 1082 1492 tsibique
1113 1408 1253 1474 dederet
1298 1409 1338 1475 Id

165 1496 297 1562 Prusias
328 1518 448 1583 negare
478 1518 544 1562 non
578 1500 629 1561 est
660 1517 772 1561 ausus:
804 1496 886 1561 illud
914 1498 1090 1576 recusavit,
1122 1519 1163 1563 ne
1190 1498 1223 1563 id
1251 1521 1271 1563 a
1300 1521 1337 1564 se

165 1586 380 1670 postularent,
403 1585 488 1670 quod
512 1585 665 1650 adversus
688 1585 739 1648 ius
762 1583 896 1669 hospitii
919 1589 1021 1651 esset:
1046 1585 1119 1669 ipsi,
1142 1587 1171 1650 si
1193 1591 1340 1670 possent,

166 1674 487 1758 comprehenderent:
506 1674 612 1738 locum
631 1672 688 1737 ubi
705 1678 801 1755 esset,
819 1673 915 1738 facile
933 1674 1131 1738 inventuros.
1168 1673 1338 1741 Hannibal

166 1763 253 1827 enim
279 1784 345 1827 uno
373 1763 445 1828 loco
474 1783 508 1826 se
531 1762 664 1826 tenebat
685 1761 721 1824 in
744 1761 892 1847 castello,
921 1762 1008 1846 quod
1030 1764 1061 1826 ei
1083 1785 1103 1826 a
1124 1783 1202 1848 rege
1225 1764 1339 1829 datum

166 1855 236 1916 eret
269 1852 407 1916 muneri:
439 1851 535 1935 idque
568 1850 615 1915 sic
648 1849 846 1933 aedificarat,
877 1853 915 1915 ut
940 1851 975 1915 in
1005 1852 1156 1915 omnibus
1188 1854 1339 1935 partibus

168 1940 304 2005 aedificii
331 1940 453 2004 exitum
482 1939 545 2004 sibi
571 1939 720 2017 haberet,
753 1939 877 2004 seilicet
903 1960 1018 2003 verens
1046 1961 1087 2003 ne
1116 1961 1177 2004 usu
1204 1942 1340 2026 veniret,

130 2047 148 2095 4
167 2029 253 2114 quod
277 2028 402 2093 accidit.
426 2026 497 2092 'Eo
521 2050 594 2093 cum
617 2027 719 2112 legati
737 2026 960 2092 Romanorum
980 2030 1148 2092 venissent
1171 2050 1208 2093 ac
1232 2031 1340 2094 multi·

167 2117 278 2182 tudine
297 2117 428 2181 domurn
447 2117 515 2182 eius
538 2115 834 2199 circumdedissent,
852 2137 932 2200 puer
956 2116 997 2180 ab
1016 2118 1115 2181 ianua
1133 2118 1338 2202 prospiciens

167 2205 346 2271 Hannibali
360 2205 442 2270 dixit
454 2206 564 2290 plures
578 2208 707 2288 praeter
725 2204 990 2269 consuetudinem
1009 2209 1153 2270 armatos
1174 2228 1340 2292 apparere.

166 2294 228 2359 Ille
247 2295 277 2359 ei
296 2294 475 2378 imperavit,
494 2299 531 2358 ut
549 2316 661 2360 omnes
679 2295 766 2358 fores
785 2293 923 2357 aedificii
941 2294 1127 2358 circumiret
1146 2315 1183 2358 ac
1202 2316 1341 2380 propere

133 2384 232 2452 csibi
258 2385 439 2462 nuntiaret,
466 2405 545 2447 num
573 2383 685 2448 eodem
713 2381 809 2447 modo
837 2382 978 2467 undique
1000 2382 1211 2448 obsideretur.
1256 2383 1341 2449 Puer

169 2495 243 2538 eum
261 2472 418 2555 celeriter,
436 2472 514 2557 quid
532 2472 676 2555 vidisset,
693 2471 913 2537 renuntiasset
931 2492 1105 2555 omnesque
1124 2474 1229 2536 exitus
1250 2494 1342 2538 occu·

168 2565 265 2646 patos
289 2560 493 2638 ostendisset
517 2561 619 2626 sensit
638 2559 803 2624 Hannibal
826 2559 859 2623 id
877 2581 943 2623 non
966 2559 1101 2625 fortuito
1125 2559 1193 2625 fact
1178 2563 1258 2645 tum,
1283 2561 1340 2627 sed

170 2672 205 2715 se
227 2651 296 2734 peti
322 2671 426 2733 neque
450 2648 513 2713 sibi
541 2648 622 2712 diut
597 2651 662 2714 t1us
686 2648 789 2712 vitam
820 2668 890 2713 esse
912 2649 1122 2713 retinendam.
1169 2648 1275 2725 Quam
1297 2670 1339 2713 ne

169 2737 276 2804 alieno
296 2739 431 2803 arbitrio
445 2733 680 2822 dimitteret‘ffi),
697 2757 822 2802 memor
840 2736 1051 2820 pristinarum
1069 2737 1226 2802 virtutum
1244 2759 1339 2803 vene-

169 2849 257 2912 num,
280 2826 364 2911 quod
388 2847 515 2910 semper
538 2846 645 2891 secum
668 2824 789 2890 habere
812 2831 994 2909 consuerat,
1017 2827 1164 2910 sumpsit.

137 2937 151 2984 1
258 2914 347 2981 XIII.
385 2913 438 2980 Sic
473 2914 523 2979 vir
558 2914 772 2996 fortissimae,
807 2914 920 2978 multis
952 2914 1115 2999 variisque
1152 2915 1340 2998 perfunctus

170 3005 352 3087 laboribus,
384 3024 468 3069 anuo
498 3002 659 3087 acquievit
687 3002 827 3087 amplius
856 3003 1068 3087 sexagesimo.
1113 3001 1236 3078 Quibus
1267 3024 1342 3069 con-

170 3093 294 3159 sulibus
322 3092 496 3174 interierit,
524 3113 590 3157 non
617 3092 776 3157 convenit
822 3089 957 3155 Sedt
911 3088 1086 3172 Attious³⁶J
1116 3096 1149 3155 et
1175 3090 1343 3175 Polybius,

172 3182 288 3267 quibus
307 3202 368 3267 ego
387 3180 642 3245 maximefidem
663 3180 778 3264 babeo,
800 3178 1168 3245 molestiarumque
1187 3179 1341 3256 oratio

170 3270 320 3336 Labeone
355 3265 591 3357 consulibus³⁷)
628 3231 792 3333 mortuum
829 3290 902 3332 eum
938 3269 1094 3354 scripturn
1131 3268 1341 3352 reliquerunt.

135 3377 151 3426 ι
171 3360 279 3446 Atque
293 3359 346 3423 bie
359 3361 471 3422 tentus
485 3357 535 3422 ιιι
549 3358 714 3442 tantisque
728 3356 822 3421 bellis
837 3356 965 3422 district
950 3360 1003 3422 tus
1020 3357 1199 3422 nonnihilt
1184 3359 1341 3442 temporis

170 3448 288 3514 tribuit
314 3446 441 3511 litteris.
485 3443 635 3529 Namque
664 3445 790 3529 aliquot
817 3446 886 3509 eius
915 3446 990 3509 libri
1014 3449 1101 3525 sunt,
1132 3445 1256 3511 Graeco
1281 3468 1344 3511 ser·

171 3560 266 3603 mone
294 3535 446 3617 confecti,
475 3535 510 3598 in
543 3534 584 3598 iis
616 3533 656 3598 ad
684 3533 827 3599 Rhodios
856 3532 895 3598 de
923 3532 981 3599 Cn.
1005 3533 1120 3599 Manlii
1142 3532 1344 3616 Vulsonisoe)

210 3711 244 3782 ⁸⁸)
271 3710 317 3765 Sie
349 3726 442 3765 waren
473 3682 546 3762 nach
578 3706 651 3762 Rom
681 3723 731 3776 ge·
785 3707 836 3762 wir
864 3723 914 3761 aus
942 3706 999 3762 Cic
1023 3707 1257 3778 Brut.§11flg.
1285 3707 1343 3763 und

172 3782 314 3850 kommen,
328 3799 375 3835 um
390 3779 463 3849 Klag
464 3796 530 3834 ean
543 3777 651 3846 ifihren,
671 3776 732 3832 dale
787 3777 843 3833 (lic
858 3782 927 3834 orat.
942 3783 1024 3844 §120
1037 3778 1156 3833 konnen.
1182 3727 1249 3850 Vgl
1261 3784 1342 3836 Anm.

317 3869 372 3907 von
403 3796 599 3918 Macedonian,
632 3847 732 3903 Obeim
785 3866 820 3904 ιιι
838 3851 897 3903 Αιι
915 3848 1060 3917 xvmr.

174 3923 224 3979 dee
277 3922 382 3991 rusius,
415 3922 511 3976 diesen
541 3920 581 3975 im
612 3919 703 3989 Kamp
704 3920 732 3973 te
822 3920 1101 3988 ⁸⁷)1mJahreles.

174 3937 734 4130 geqpnBEupreireqeunqerstupat„llrlrlqttteen
806 3991 859 4118 ²22
877 3991 975 4117 Riseqer
993 3990 1147 4131 qualqiqkqls
1167 3990 1274 4118 Konpul
1293 3996 1346 4118 liei-

294 4080 377 4118 ruer
444 4080 457 4117 e
588 4081 628 4118 ιιι
787 4081 805 4116 ι
918 4080 964 4116 ιι
1018 4080 1048 4118 so
1160 4080 1279 4118 umen

173 4068 284 4191 Lucius.
787 4135 855 4189 reite
879 4078 1142 4202 abgesolrloseeneu
1150 4134 1271 4189 Frieden
1293 4132 1346 4189 mit

210 4201 732 4289 ³⁶)Niehccauolbewiepermitterae.
787 4202 1136 4259 Antiochueauscufuhren
1150 4204 1345 4261 unddioasia·

174 4276 276 4333 Alieno
294 4273 411 4332 arbitrio
429 4274 467 4328 ist
485 4272 608 4329 Ablativ.
787 4275 898 4330 tiecben
909 4274 1169 4345 Angelegenbeiten
1183 4292 1216 4330 ιιι
1230 4277 1344 4331 ordnen.

211 4349 248 4419 ⁸⁰)
266 4349 297 4403 In
316 4345 421 4400 seinem
443 4342 515 4398 liber
533 4345 656 4413 annalis,
680 4344 734 4400 den
788 4343 883 4401 Erunt
884 4346 999 4401 ernabm
1007 4346 1345 4419 zuntcheteinenKriegs·
