2959 4759
1 349 27 412 ni
39 372 50 414 c

1 461 49 526 000

1 567 46 630 ,m

540 184 749 240 PRAEFATIO
768 184 949 241 EDITORIS.
1297 182 1324 237 V

144 349 329 434 accepimus
348 348 488 413 vitarum
511 348 657 413 ordinem
680 348 809 412 institui
834 352 866 412 et
889 349 923 411 in
941 347 1087 432 margine
1106 369 1219 430 annos,
1241 368 1322 431 quos

146 457 276 541 quidem
300 477 359 539 pro
383 460 472 519 certo
496 477 605 520 eruere
628 455 801 538 potuerim,
825 455 935 519 adieci.

238 561 273 650 7)
297 561 457 645 Datamis,
480 560 604 644 Dionis,
629 560 855 643 Timoleontis,
874 560 1033 626 Eumenis
1055 562 1142 626 vitas
1166 563 1203 625 ut
1225 561 1323 625 nimis

145 670 331 735 reconditas
350 672 383 733 et
402 668 443 732 ab
462 668 566 732 initiis
586 667 778 751 disciplinae
796 668 972 732 historicae
992 668 1116 733 alienas
1138 671 1174 732 ut
1193 666 1323 731 omitte-

145 797 224 860 rem,
247 774 439 861 praesertim
463 795 535 839 curn
555 773 754 839 accuratiore
777 796 885 839 rerum
909 774 1124 859 descriptione
1146 774 1325 838 eminerent

35 893 37 902 '
146 905 250 967 neque
282 883 457 967 quidquam
484 882 656 965 haberent,
684 881 769 966 quod
802 880 843 946 ad
874 882 1033 965 puerilem
1066 880 1322 968 intellegentiam

147 1012 212 1054 non
241 990 442 1073 conveniret,
474 1011 494 1053 a
521 1011 572 1053 me
602 989 777 1073 impetrare
809 1009 875 1053 non
906 988 1014 1073 potui,
1045 1010 1148 1073 neque
1180 1009 1256 1052 vero
1286 992 1325 1051 ut

32 1109 34 1118 '
148 1100 279 1180 propter
302 1117 410 1160 rerum
434 1095 475 1160 ab
499 1095 580 1180 ipsis
604 1098 770 1179 gestarum
795 1095 990 1179 gravitatem
1014 1099 1071 1158 aut
1089 1093 1245 1158 Periclem
1269 1093 1324 1156 ad-

0 1223 4 1242 ·
28 1213 31 1222 “
146 1203 263 1268 icerem
289 1206 346 1267 aut
365 1202 520 1266 Aristidis
539 1200 756 1266 Phocionisve
778 1202 863 1265 vitas
888 1199 1090 1285 adaugerem.
1122 1200 1269 1265 Vetabat
1291 1199 1324 1263 id

145 1310 217 1374 fieri
240 1309 330 1388 illud,
354 1308 438 1393 quod
461 1308 601 1391 primum
626 1307 707 1371 mihi
725 1328 970 1391 proposueram,
989 1310 1026 1371 ut
1048 1306 1206 1370 librorum
1225 1327 1325 1389 quam

146 1408 397 1500 diligentissime
427 1416 656 1480 auctoritatem
686 1416 815 1478 secutus
842 1413 982 1478 latinum
1013 1414 1204 1497 scriptorem
1226 1413 1326 1477 inter-

146 1526 300 1604 pretarer,
318 1544 386 1587 000
407 1527 476 1605 ipse
499 1521 629 1606 ingenio
652 1517 825 1605 indulgens
843 1521 929 1584 ritas
953 1520 1198 1585 conscriberem.
1240 1516 1325 1593 Quid

148 1628 235 1712 quod
254 1650 336 1712 eum,
351 1629 407 1713 qui
426 1632 482 1692 aut
501 1628 683 1693 accuratius
698 1626 853 1691 Aristidis
872 1649 923 1691 res
939 1627 1099 1711 explicare
1119 1629 1175 1690 aut
1189 1625 1324 1690 Periclis

147 1755 257 1798 rernm
279 1734 330 1797 vel
359 1756 519 1799 summam
548 1735 709 1818 attingere
732 1734 883 1817 voluerit,
910 1738 1095 1798 contextam
1118 1752 1250 1798 necesse
1273 1736 1324 1796 est

146 1840 277 1904 illorum
304 1844 488 1923 temporum
512 1838 683 1903 historiam
707 1838 872 1920 exhibere,
900 1838 933 1902 id
962 1837 1048 1922 quod
1070 1836 1182 1923 Nepos
1211 1859 1245 1903 se
1267 1859 1325 1902 no·

146 1946 247 2010 luisse
271 1948 381 2030 aperte
404 1944 484 2010 dicit
508 1942 631 2031 (Pelop.
650 1942 676 2028 I,
697 1941 756 2031 ll?
794 1941 924 2009 Scilicet
947 1945 989 2009 ob
1012 1945 1075 2010 hoo
1099 1946 1215 2029 ipsum,
1238 1944 1325 2028 quod

146 2052 264 2117 leviter
295 2052 537 2134 tantummodo,
570 2051 675 2136 qualis
709 2052 844 2135 quisque
875 2050 976 2118 fuerit
1004 2056 1038 2117 et
1064 2073 1146 2137 quae
1177 2051 1325 2136 gesserit,

147 2158 395 2244 perstringitur,
426 2159 616 2243 aptissimae
650 2161 728 2223 sunt
759 2158 841 2222 istae
869 2160 969 2240 vitae,
999 2180 1081 2243 quae
1110 2180 1130 2223 a
1157 2158 1324 2241 quartanis

146 2266 268 2330 nostris
291 2265 451 2350 legantur.
483 2265 529 2329 At
551 2265 643 2329 illum
667 2266 706 2329 de
729 2264 862 2350 regibus
880 2265 988 2329 locum
1008 2268 1042 2329 01
1059 2266 1162 2330 vitam
1181 2264 1326 2347 Catonis,

146 2374 185 2435 01
206 2370 259 2435 vel
283 2371 379 2435 exilia
402 2376 436 2437 et
457 2372 569 2436 inania
592 2371 644 2436 vel
671 2394 711 2436 ex
733 2372 797 2436 alio
821 2369 959 2456 Nepotis
987 2372 1073 2436 libro
1097 2372 1269 2455 desumpta
1292 2374 1325 2436 et

146 2498 318 2561 perperam
335 2477 425 2541 hisce
443 2477 478 2541 in
497 2478 573 2541 vitis
592 2477 721 2560 tradita,
739 2477 879 2542 libenter
898 2477 1011 2542 abieci.
1047 2477 1194 2542 Atticum
1213 2480 1324 2542 tamen

146 2585 227 2648 item
260 2583 299 2648 de
330 2582 496 2648 historicis
528 2583 641 2648 latinis
672 2584 912 2668 depromptum,
945 2606 1017 2648 oum
1049 2587 1183 2668 propter
1214 2606 1323 2648 rerum

50 2747 54 2767 ‚
146 2688 396 2755 utilissimarum
423 2690 550 2773 copiam
583 2693 616 2754 et
643 2691 876 2755 accuratiorem
904 2691 1068 2774 quandam
1096 2691 1324 2756 tractationem

147 2818 212 2861 non
237 2799 304 2861 aine
333 2796 442 2860 fructu
464 2797 602 2879 privatis
626 2796 743 2861 studiis
767 2818 786 2860 a
809 2797 1000 2861 secundariis
1029 2796 1096 2882 legi
1118 2819 1215 2881 posse
1238 2796 1326 2862 vide-

147 2908 246 2986 retur,
269 2903 304 2966 in
328 2902 504 2986 appendice
527 2902 729 2968 retinendum
753 2904 875 2987 putavi.

175 3033 178 3040 ⁴
239 3006 273 3094 8)
295 3009 336 3073 In
359 3008 562 3093 singulorum
584 3009 817 3074 vocabulorum
845 3009 1005 3092 scriptura
1029 3011 1070 3075 ad
1098 3010 1235 3076 eandem
1256 3011 1324 3075 fere

148 3138 248 3199 quam
274 3114 375 3179 Halm
404 3111 549 3199 (Lipsiae
578 3115 679 3202 1871)
707 3116 868 3180 rationem
898 3136 950 3179 mc
979 3116 1150 3199 applicavi.
1200 3117 1324 3182 Tamen

148 3223 233 3307 qnod
261 3222 529 3307 diligentissimus
561 3222 615 3288 hic
646 3224 809 3307 interpres
837 3223 870 3287 id
897 3221 1005 3307 potius
1034 3223 1254 3308 laboraverat,
1288 3230 1325 3289 ut

147 3330 343 3413 optimorum
376 3328 523 3394 codicum
551 3331 746 3414 scripturam
777 3333 925 3395 accurate
954 3330 1133 3414 exhiberet,
1162 3353 1260 3415 quam
1288 3337 1325 3396 ut

149 3439 239 3500 certa
266 3435 423 3519 quaedam
449 3437 667 3500 recentiorum
695 3436 984 3520 grammaticorum
1011 3440 1184 3521 praecepta
1213 3459 1325 3521 seque·

148 3545 247 3622 retur,
270 3541 349 3604 mihi
374 3545 483 3606 autem
506 3543 540 3605 in
558 3542 643 3606 libro
667 3541 708 3605 ad
726 3564 899 3625 puerorum
918 3565 1013 3608 usum
1033 3544 1179 3609 confecto
1203 3546 1324 3611 rectius

148 3647 319 3711 videbatur
337 3652 509 3730 praecepta
527 3670 653 3732 semper
671 3649 734 3713 sibi
753 3651 939 3715 constantia
956 3654 1067 3715 terrere
1082 3673 1180 3735 quam
1199 3652 1324 3717 variam

148 3753 358 3818 librariorum
382 3754 647 3819 consuetudinem
669 3756 805 3840 tradere,
829 3758 1023 3843 aliquotiens
1048 3756 1088 3821 ab
1112 3757 1170 3822 illo
1193 3761 1323 3824 recessi.

240 3858 343 3942 Haec,
365 3879 447 3943 quae
471 3862 618 3943 exposui,
647 3866 806 3945 quatenus
834 3867 921 3929 recte
945 3865 1167 3949 spectaverim,
1191 3869 1224 3929 et
1246 3888 1324 3951 qua·

148 3970 244 4031 tenus
269 3966 308 4030 ad
332 3987 372 4029 ea
395 3967 562 4030 commode
585 3966 746 4051 Nepotem
769 3970 1010 4053 perpoliverim,
1032 3969 1200 4035 doctorum
1224 3973 1324 4038 fuerit
1418 4016 1422 4023 -

148 4072 292 4137 iudicare
317 4094 354 4137 ac
377 4072 516 4136 maxime
540 4094 663 4157 eorum,
687 4076 743 4159 qui
766 4076 830 4160 ipsi
851 4076 887 4139 in
910 4075 1092 4140 erudiendis
1116 4078 1224 4160 pueris
1249 4100 1324 4163 ope-

148 4201 220 4242 ram
243 4179 493 4244 collocaverunt.
531 4177 625 4244 Certe
648 4181 712 4244 illis
736 4182 892 4264 expositis
916 4203 982 4246 non
1005 4182 1144 4266 amplius
1168 4205 1250 4267 opus
1274 4188 1325 4248 est

150 4285 264 4368 dicere,
288 4307 345 4349 cur
367 4284 521 4351 Voellreri
545 4284 812 4373 (Lipsiae1872)
837 4293 869 4352 et
889 4285 1021 4373 Vogelii
1040 4286 1201 4374 (Berolini
1221 4285 1323 4374 1873)
