2959 4759
332 196 379 251 III.
402 194 604 250 ARlSTIDES.
624 199 649 250 2.
664 199 689 252 3.
726 194 774 252 IV.
796 193 1009 251 PAUSANIAS.
1029 200 1053 250 1.
1238 194 1279 259 13

85 359 187 424 sium
220 358 308 442 apud
337 358 487 423 Plataeas
519 358 577 423 illo
608 358 748 443 proelio,
777 380 841 442 qno
873 358 1085 424 barbarorum
1120 358 1280 424 exercitus

84 446 193 513 fusus
218 453 251 512 et
273 446 462 513 Mardonius
486 447 674 513 interfectus
698 452 758 513 est.
803 446 917 533 Neque
939 447 1006 513 fere
1030 446 1118 512 aliud
1143 447 1184 531 [a.
1197 448 1315 530 479]2

84 540 158 602 est'
174 537 278 601 ullum
301 537 370 602 eius
393 537 484 601 inre
507 537 643 602 militari
666 536 795 602 illustre
818 535 957 619 factum,
979 536 1122 601 iustitiae
1146 558 1221 601 vero
1246 542 1280 602 et

84 625 277 711 aequitatis
301 629 334 690 et
355 625 562 691 innocentiae
584 625 697 709 multa,
720 627 756 691 in
774 625 898 710 primis,
921 625 1007 709 quod
1025 625 1093 690 eius
1114 625 1279 710 aequitate

84 714 228 780 facturn
256 719 320 801 est,
347 736 419 780 curn
447 715 482 779 in
510 715 674 779 communi
702 716 806 780 classe
835 719 921 780 esset
949 712 1103 780 Graeciae
1137 716 1179 794 [a.
1197 715 1278 795 477]

85 803 199 869 simul
232 825 305 868 cum
333 802 510 887 Pausania,
539 823 602 887 qno
636 803 715 869 duee
737 802 927 868 Mardonius
960 806 1031 868 erat
1062 803 1212 888 fugatus,
1242 807 1280 867 ut

86 914 229 957 summa
255 892 385 976 imperii
418 892 575 957 maritimi
608 893 648 957 ab
681 891 948 957 Lacedaemoniis
976 890 1206 957 transferretur
1238 892 1279 956 ad

86 981 331 1047 Athenienses:
361 1003 502 1065 namque
531 984 607 1045 ante
629 980 663 1046 id
687 984 817 1065 tempus
840 984 874 1046 et
901 981 984 1045 mari
1006 985 1040 1045 et
1066 985 1154 1046 terra
1182 980 1313 1045 ducesa

88 1075 197 1135 erant
213 1069 471 1135 Lacedaemonii.
516 1068 599 1134 Tum
627 1073 794 1135 autemst
819 1070 1073 1155 intemperantia
1096 1067 1279 1134 Pausaniae

88 1163 127 1223 et
148 1158 279 1225 iustitia
296 1159 419 1225 factum
438 1162 489 1224 est
502 1158 670 1243 Aristidis,
687 1162 725 1224 ut
740 1180 851 1223 ornnes
870 1158 938 1224 fere
957 1158 1105 1223 civitates
1121 1156 1278 1223 Graeciae

88 1248 137 1312 ad
168 1248 421 1313 Atheniensium
448 1247 636 1312 societatem
664 1269 698 1312 sc
726 1248 929 1331 applicarent
958 1252 991 1313 et
1017 1248 1079 1312 hos
1108 1247 1170 1312 sibi
1199 1246 1279 1311 deli-

90 1342 217 1420 gerent
241 1337 395 1402 adrersus
418 1337 576 1401 barbaros
599 1336 704 1401 duces.

187 1424 247 1490 III.
292 1426 381 1503 Quos
409 1447 473 1510 qno
502 1424 631 1490 facilius
660 1425 748 1490 bello
775 1427 1059 1510 persequerentur,
1086 1424 1128 1489 ad
1158 1424 1312 1489 classes1

89 1513 315 1580 aedificandas
335 1516 556 1598 exercitusque
571 1514 807 1599 comparandos
822 1518 981 1600 quantum
995 1535 1140 1598 quaeque
1160 1514 1277 1578 civitas

89 1604 254 1687 pecuniae
277 1604 378 1689 daret,
401 1603 562 1668 Aristides
586 1602 729 1668 delectus
754 1605 879 1688 estqui
898 1603 1120 1687 constitueret,
1145 1601 1278 1686 eiusque

91 1692 236 1757 arbitrio
270 1692 493 1777 quadringena
524 1695 558 1756 et
590 1712 752 1777 sexagena
788 1693 913 1757 talenta
952 1692 1126 1778 quotannis
1159 1690 1278 1756 Delum

93 1787 177 1846 sunt
196 1781 333 1848 collata:
355 1781 390 1845 id
409 1782 497 1845 enim
515 1801 686 1845 commune
704 1781 866 1845 aerarium
885 1802 956 1846 esse
974 1781 1155 1846 voluerant.
1187 1779 1277 1856 Quae

95 1869 208 1935 omnis
227 1870 365 1954 pecunia
383 1873 517 1954 postero
534 1866 714 1955 temporel)
733 1868 880 1935 Athenas
899 1871 1059 1935 translata
1078 1873 1138 1935 est.
1168 1868 1277 1953 Atque
1297 1883 1313 1931 a

93 1958 154 2022 ille
179 1980 244 2043 qua
266 1958 366 2023 fuerit
389 1958 598 2043 abstinentia,
620 1958 748 2023 nullum
771 1961 821 2024 est
844 1959 963 2024 certius
987 1958 1152 2041 indicium,
1178 1979 1277 2043 quam

94 2047 195 2131 quod,
210 2069 284 2113 cum
302 2048 406 2114 tantis
421 2047 519 2113 rebus
537 2047 740 2131 praefuisset,
759 2047 794 2111 in
811 2051 907 2113 tanta
924 2050 1114 2134 paupertate
1128 2046 1276 2129 decessit,

94 2140 135 2201 nt
159 2137 219 2221 qui
239 2137 408 2202 efferretur
430 2136 484 2201 rix
506 2136 682 2220 reliquerit
725 2134 796 2211 Quo
819 2136 943 2203 factum
966 2142 1017 2202 est
1039 2140 1076 2201 ut
1097 2135 1184 2200 filiae
1209 2136 1277 2200 eius
1297 2151 1313 2199 3

94 2226 228 2309 publice
261 2225 426 2291 alerentur
453 2228 487 2290 et
515 2225 554 2290 de
586 2226 751 2290 communi
780 2227 905 2291 aerario
935 2225 1067 2291 dotibus
1095 2224 1180 2289 datis
1213 2223 1278 2289 col-

93 2316 294 2379 locarentur.
326 2314 475 2379 Decessit
494 2317 603 2379 antem
626 2313 694 2378 fere
716 2317 794 2398 post
817 2336 937 2379 annum
960 2319 1120 2401 quartum,
1144 2314 1277 2394 [aare]

96 2425 197 2487 quam
221 2403 455 2469 Themistocles
478 2402 617 2469 Athenis
641 2406 712 2467 erat
735 2405 897 2486 expulsus.

499 2724 560 2799 IV.
601 2724 885 2800 PAUSANIAS.

187 2864 213 2929 L
259 2863 438 2929 Pausanias
466 2863 740 2931 Lacedaemonius
773 2887 912 2952 magnus
939 2865 1052 2943 homo,
1081 2863 1137 2928 sed
1165 2864 1275 2929 varius
1298 2882 1311 2930 1

99 2955 135 3018 in
163 2954 254 3019 omni
286 2973 403 3038 genere
434 2953 522 3018 vitae
550 2954 626 3018 fuit:
658 2976 734 3019 narn
762 2959 800 3019 ut
826 2955 1002 3020 virtutibus
1036 2953 1199 3037 elucebat,
1231 2954 1277 3017 sic

96 3042 190 3109 vitiis
214 3043 419 3107 obruebatur.
457 3040 520 3106 Est
539 3046 645 3107 autem
667 3043 735 3107 eius
753 3042 1013 3108 illustrissimum
1036 3041 1118 3105 illud
1143 3041 1312 3121 [allilla

98 3131 186 3215 apud
200 3131 352 3196 Plataeas
370 3131 539 3213 proelium.
568 3128 718 3215 Namque
736 3130 795 3196 illo
814 3131 894 3196 duce
909 3129 1109 3213 Mardonius,
1128 3133 1277 3213 satrapes

97 3221 225 3307 regins,
247 3221 351 3304 ipsius
374 3218 468 3284 Darii
490 3220 576 3304 regis
600 3240 714 3304 gener,
736 3220 772 3284 in
794 3220 908 3305 primis
932 3219 1079 3283 omnium
1102 3216 1277 3282 Persarum

99 3314 132 3374 et
154 3331 256 3374 manu
278 3308 375 3374 fortis
399 3312 433 3373 et
456 3307 585 3373 consilii
608 3308 738 3394 plenus,
762 3331 834 3374 cum
858 3308 1004 3373 ducentis
1027 3306 1158 3372 milibus
1189 3307 1278 3392 pedi·

97 3402 168 3464 tum
177 3397 213 3484 ¹),
237 3420 317 3483 quos
336 3397 459 3463 viritim
477 3397 611 3483 legerat,
630 3400 663 3462 et
681 3398 799 3482 uiginti
819 3398 965 3484 equitnm
983 3396 1070 3462 haud
1089 3397 1137 3461 ita
1156 3416 1277 3481 magna

99 3510 199 3552 manu
228 3485 384 3552 Graeciae
411 3486 544 3571 fugatus
573 3490 639 3572 est,
663 3508 765 3572 ecque
794 3487 866 3572 ipse
889 3487 1005 3552 cecidit
1034 3486 1167 3571 proelio.
1215 3483 1312 3551 Sede

97 3576 242 3660 primum
270 3576 304 3640 in
332 3597 369 3640 eo
399 3578 449 3639 est
477 3574 705 3661 reprehensus,
734 3576 834 3660 quod,
862 3598 935 3642 cum
963 3598 1002 3641 ex
1029 3575 1150 3659 praeda
1177 3575 1277 3658 tripo-

98 3665 172 3730 dem
196 3686 329 3730 aureum
352 3663 490 3747 Delphis
518 3665 694 3749 posuisset,
718 3667 920 3750 epigramma
949 3664 1132 3748 inscripsit,
1154 3663 1191 3727 in
1213 3685 1276 3748 quo

97 3754 178 3820 haec
207 3756 278 3818 erat
306 3754 481 3819 sententia:
509 3775 568 3818 suo
596 3754 694 3818 ductu
721 3755 880 3820 barbaros
909 3752 995 3838 apud
1023 3752 1176 3817 Plataeas
1205 3774 1277 3818 esse

100 3948 165 4002 eche
180 3947 342 4015 Besatznng
356 3946 407 4000 der
419 3944 493 4000 nahe
506 3945 662 4015 gelegenen
756 3946 776 4016 1)
800 3947 906 4002 Xerxes
924 3946 1005 3999 hatte
1022 3943 1072 3998 ihu
1090 3944 1143 3999 mit
1161 3935 1277 4001 300000

11 4069 12 4074 ,
99 4016 458 4086 kleinenlnselPsyttalea
470 4014 661 4072 undbssetztc
714 4017 803 4072 Mann
820 4015 1065 4085 auruclrgelassen.
1101 4016 1177 4071 Aber
1195 4016 1277 4071 einen

100 4090 237 4157 dissolbe,
260 4088 396 4144 wodurch
419 4086 465 4142 die
492 4085 661 4157 Niederlage
716 4088 780 4145 Teil
807 4088 856 4144 des
888 4086 1008 4155 Heeres,
1040 4085 1094 4142 den
1120 4086 1278 4143 Artabazus

100 4160 149 4216 der
180 4160 345 4231 persischen
372 4159 467 4214 Plotte
499 4158 572 4214 noch
601 4161 661 4214 ent—
715 4159 885 4230 befehligte‚
913 4157 975 4214 liele
1003 4157 1094 4213 dieser
1121 4176 1173 4229 gar
1198 4157 1278 4213 nicht

101 4231 286 4288 scheidender
304 4231 406 4286 warde.
715 4248 780 4285 zum
816 4229 936 4301 Kampfe
972 4231 1120 4298 hammon,
1158 4230 1278 4284 sondern

137 4302 159 4372 ⁵)
186 4301 277 4358 Unter
313 4302 363 4356 der
392 4301 575 4372 Verwaltung
612 4301 662 4356 des
714 4302 810 4357 ffihrtc
829 4301 880 4357 ihn
896 4300 1062 4372 rechtaeitig
1075 4301 1111 4356 ab
1126 4301 1199 4356 nach
1211 4301 1278 4364 dem

100 4373 232 4429 Pericles.
714 4372 893 4444 Hellespont
