2959 4759
492 231 526 287 II.
555 230 838 287 enumeremus,
857 236 882 287 ὅ.
897 238 922 287 6.
1275 234 1296 298 9

119 393 256 458 subesse
275 393 418 477 eredens,
441 394 598 478 postridie
616 394 816 459 alienissimo
836 394 899 459 sibi
917 395 1001 480 loco,
1019 398 1296 481 opportunissimo

118 483 273 547 hostibus
296 487 365 548 tam
385 488 524 569 angusto
544 483 626 548 meri
644 483 800 568 conflixit,
824 486 859 548 ut
878 482 947 548 eius
966 485 1140 552 multitudo
1163 488 1297 552 navium

119 570 277 654 explicari
306 594 372 637 non
398 575 519 658 posset.
564 570 680 637 Victus
705 576 755 637 est
780 570 882 657 igitur
905 574 1010 658 magis
1038 575 1137 640 etiam
1160 576 1296 642 oonsilio

118 659 353 726 Themistoclis
377 683 474 745 quam
497 661 598 726 armis
621 659 785 726 Graeciae.

211 748 251 815 V.
286 749 357 815 Rex
383 751 446 815 etsi
477 750 563 815 male
589 771 659 815 rem
687 753 848 836 gesserat,
874 754 986 817 tamen
1014 754 1127 817 tantas
1153 753 1331 820 habebatr

118 838 276 922 reliquias
309 838 491 924 copiarum,
517 842 556 904 ut
582 839 682 904 etiam
712 844 785 903 tum
816 840 1000 924 opprimere
1031 846 1144 925 posset
1174 841 1251 908 host
1236 845 1296 908 tes.

119 927 245 992 Iterum
268 928 310 993 ab
333 927 446 992 eodem
469 927 540 994 viro
563 927 665 1012 gradu
683 927 837 1011 depulsus
860 933 919 993 est
951 927 1038 994 Nam
1057 929 1296 996 Themistocles

118 1017 243 1081 veritus
269 1036 311 1081 ne
342 1016 467 1081 bellare
498 1019 734 1118 perseveraret,
762 1017 931 1083 certiorem
960 1039 1033 1083 eum
1062 1018 1140 1084 fecit
1169 1018 1202 1083 id
1233 1022 1297 1106 agi,

119 1109 158 1169 ut
180 1126 275 1189 pons,
298 1126 394 1190 quem
417 1106 530 1170 illem
554 1104 771 1189 Hellesponto
801 1104 923 1172 fecerat
927 1107 1296 1193 ‚dissolveretur,1pse

118 1193 259 1258 reditu
249 1216 284 1258 ιιι
296 1194 423 1265 Asiam
446 1194 680 1278 excluderetur,
703 1194 852 1279 idque
823 1216 853 1259 e1
875 1197 1047 1298 persuasit
1092 1196 1208 1281 Itaque
1232 1210 1331 1282 quar

119 1286 275 1366 quattuor
306 1283 472 1348 mensibus
506 1284 570 1348 iter
602 1282 737 1368 fecerat,
771 1282 884 1348 eadem
920 1284 1027 1349 minus
1060 1284 1173 1351 diebus
1205 1287 1297 1370 quin·

119 1370 622 1526 §ittlztttlmlttlt
630 1393 728 1525 sqq
743 1371 1297 1546 titillationis

116 1549 258 1615 liberata
289 1546 371 1637 est⁸)
404 1550 619 1634 Europaeque
652 1549 822 1615 succubuit
853 1550 942 1615 Asia
987 1550 1076 1616 Haec
1109 1555 1160 1617 est
1191 1553 1331 1619 alterae

117 1638 267 1741 victpria,
291 1659 465 1723 quaecum
484 1637 692 1703 Marathonio
711 1639 818 1723 possit
836 1642 1017 1725 comparari
1035 1646 1180 1744 tropaeo.
1208 1641 1295 1708 Nam

117 1728 193 1811 pari
216 1726 313 1792 modo
332 1727 418 1811 apud
438 1724 604 1792 Salamina
622 1749 724 1811 parvo
745 1749 882 1793 numero
900 1730 1033 1793 navium
1056 1731 1199 1795 maxima
1221 1736 1297 1815 post

118 1816 290 1881 hominum
313 1816 503 1880 memoriam
527 1817 642 1881 elassis
666 1820 716 1880 est
738 1816 874 1881 devicta.

208 1903 264 1970 VI
301 1903 443 2007 Magnus
470 1905 532 1970 hoo
559 1905 645 1970 bello
675 1904 911 1971 Themistocles
943 1904 1007 1970 fuit
1033 1927 1094 1971 nee
1125 1907 1232 1972 minor
1262 1909 1331 1973 inl

118 2015 205 2078 pace.
252 1991 334 2058 Oum
363 1994 448 2059 enim
474 1993 645 2059 Phalerico
674 1997 773 2078 portu
800 2015 905 2079 neque
933 2015 1053 2080 magno
1083 2016 1187 2080 neque
1208 1997 1296 2063 bono

119 2082 337 2149 Athenienses
367 2087 548 2169 uterentur,
574 2084 663 2148 illius
687 2083 825 2148 consilio
853 2084 973 2167 triplex
994 2083 1121 2149 Piraeei
1148 2083 1296 2171 portusl)

119 2172 315 2237 constitutus
349 2172 581 2256 moenibusque
618 2172 837 2237 circumdatus
870 2176 934 2253 est,
967 2177 1005 2238 ut
1040 2173 1146 2257 ipsam
1182 2175 1296 2240 urbem

119 2261 282 2345 dignitate
301 2262 535 2346 aequiperaret,
554 2261 699 2326 utilitate
718 2264 895 2345 superaret
922 2261 1013 2326 Idem
1028 2283 1138 2327 muros
1159 2265 1200 2344 [a.
1214 2264 1295 2345 478]

120 2349 372 2416 Atheniensium
395 2348 542 2414 restituit
563 2350 737 2434 praecipuo
760 2351 902 2433 periculo
927 2372 994 2417 suo.
1025 2349 1176 2436 Namque
1199 2351 1295 2418 Lace
1314 2368 1330 2415 ι

120 2437 285 2503 daemonii
308 2459 440 2503 eausam
462 2438 614 2504 idoneam
636 2438 736 2519 nacti,
762 2460 828 2524 qua
850 2443 1010 2524 negarent
1032 2445 1181 2525 oportere
1205 2445 1297 2507 extra

118 2527 381 2611 Peloponnesum
412 2527 512 2591 ullam
544 2529 659 2593 urbem
691 2548 802 2592 muros
841 2527 976 2613 habere,
1007 2549 1049 2593 ne
1081 2533 1192 2595 essent
1223 2532 1296 2597 loca

120 2618 263 2701 munita,
304 2638 386 2700 quae
422 2616 533 2682 hostes
575 2616 796 2701 possiderent,
832 2617 1047 2682 Athenienses
1088 2618 1296 2685 aedificantes

118 2705 293 2790 prohibere
319 2710 396 2771 sunt
418 2704 536 2770 eonati.
573 2705 646 2771 Hoc
668 2706 767 2791 longe
791 2706 856 2772 alio
880 2707 1050 2791 spectabat
1072 2711 1169 2792 atque
1191 2708 1295 2774 rideri
1313 2724 1330 2773 3

118 2795 284 2861 volebant.
329 2793 548 2860 Athenienses
576 2796 663 2859 enim
691 2794 815 2859 duabus
842 2795 1001 2880 victoriis,
1028 2795 1237 2861 Marathonia
1264 2804 1297 2863 et

121 2881 315 2967 Salaminia,
346 2886 474 2949 tantam
507 2884 647 2968 gloriam
678 2883 765 2967 apud
797 2905 908 2949 omnes
945 2889 1058 2969 gentes
1097 2890 1190 2950 erant
1221 2907 1295 2951 con·

1 3032 5 3040 .
120 2973 237 3057 secuti,
267 2976 305 3037 ut
332 2972 559 3057 intellegerent
582 2970 831 3037 Lacedaemonii
859 2973 897 3036 de
920 2974 1106 3058 principatu
1137 2974 1199 3038 sibi
1223 2996 1295 3040 cum

119 3061 160 3125 iis
189 3065 354 3126 certamen
380 3060 460 3126 fore.
506 3060 612 3137 Quare
640 3081 695 3124 eos
724 3081 821 3143 quam
848 3059 1086 3126 infirmissimos
1114 3083 1185 3127 esse
1207 3064 1294 3129 vole-

48 3211 51 3220 .
118 3150 207 3216 bant.
244 3149 421 3234 Postquam
445 3151 547 3236 igitur
569 3149 741 3214 audierunt
762 3169 872 3214 muros
895 3149 1021 3233 instrui,
1043 3151 1169 3236 legatos
1192 3148 1293 3217 Athe·
1312 3169 1330 3218 4

118 3261 179 3303 nas
209 3238 382 3322 miserunt,
411 3238 521 3323 quiid
548 3238 619 3303 fieri
640 3240 800 3304 vetarent.
846 3237 970 3314 Quibus
997 3239 1223 3323 praesentibus
1246 3242 1295 3306 illi

119 3328 283 3393 desierunt
316 3349 353 3393 ao
383 3349 417 3392 se
445 3328 484 3392 de
512 3349 551 3392 aa
578 3349 614 3392 re
646 3326 775 3411 legatos
808 3327 964 3392 missuros
998 3328 1157 3394 dixerunt
1202 3328 1331 3397 Hanco

118 3417 317 3504 legationem
351 3417 495 3501 suscepit
526 3415 763 3481 Themistocles
795 3419 828 3480 et
864 3416 954 3481 solus
989 3418 1097 3502 primo
1129 3417 1295 3504 profectus

119 3511 183 3571 est:
207 3506 323 3591 reliqui
345 3506 446 3589 legati
469 3508 506 3570 ut
527 3508 599 3570 tum
622 3504 760 3587 exirent,
783 3526 857 3570 cum
881 3507 960 3571 setis
982 3508 1042 3571 alti
1064 3508 1184 3572 tuendo
1208 3509 1293 3573 muri

118 3596 274 3660 exstructi
287 3594 480 3678 viderentur,
498 3595 678 3678 praecepit:
693 3593 826 3658 interim
840 3616 962 3680 omnes,
977 3596 1063 3661 servi
1082 3600 1178 3680 atque
1191 3597 1294 3681 liberi,

118 3705 200 3768 opus
218 3683 364 3749 facerent
381 3705 486 3768 neque
504 3684 565 3749 ulli
581 3684 652 3748 loco
668 3688 846 3768 parcerent,
861 3684 929 3748 sive
944 3705 1034 3749 sacer
1048 3685 1117 3751 sive
1130 3684 1295 3771 profanus,

118 3772 186 3838 sive
209 3774 357 3858 privatus
378 3776 464 3837 esset
482 3772 550 3837 sive
568 3772 729 3858 publicus,
748 3775 782 3837 et
804 3773 945 3858 undique
969 3772 1055 3857 quod
1082 3774 1234 3840 idoneum
1254 3776 1294 3840 ad

118 3862 328 3927 muniendum
356 3865 525 3947 putarent,
547 3865 768 3946 congererent.
813 3862 884 3939 Quo
907 3860 1031 3927 factum
1059 3867 1169 3928 estut
1192 3863 1294 3928 Athe·

118 3951 279 4016 niensium
303 3951 388 4016 muri
406 3950 458 4015 vel
479 3971 519 4015 ex
542 3951 670 4017 sacellis
695 3951 916 4036 sepulcrisque
939 3954 1136 4019 constarent.

160 4196 182 4266 ⁸)
214 4194 294 4251 Dooh
326 4195 404 4251 blieb
436 4195 598 4251 Mardonius
628 4195 681 4250 mit
772 4195 793 4264 ⁹)
820 4193 878 4250 Der
896 4195 1010 4250 Ausbau
1033 4197 1082 4252 des
1105 4198 1220 4253 Piraeus
1247 4197 1294 4252 be·

118 4272 171 4322 300
181 4273 235 4323 000
253 4266 339 4322 Mann
359 4268 558 4338 Kerntruppen
571 4266 601 4322 in
615 4266 680 4322 Hel·
734 4281 811 4390 {uun
835 4265 922 4321 sehon
944 4284 996 4322 vor
1019 4268 1083 4323 dem
1101 4267 1223 4323 Einfalle
1246 4269 1295 4323 des

117 4338 161 4394 las
179 4338 286 4393 zuruck
304 4339 361 4393 und
379 4340 475 4395 wurde
493 4339 552 4394 eret
569 4339 608 4394 im
626 4338 680 4394 fol·
762 4354 852 4406 erres,
872 4338 967 4393 warde
986 4338 1054 4393 aber
1078 4338 1295 4395 erst4'17voll-

15 4442 18 4448 ·
116 4410 231 4480 genden
244 4410 330 4466 Jahre
348 4411 466 4481 besiegt
734 4408 828 4464 endet
