2959 4759
177 211 220 275 88
628 209 790 267 spurcos.
815 217 901 267 s-s.

176 377 245 439 tam
269 375 379 440 effusis
403 375 544 441 ambitus
563 374 795 460 largitionibus
818 394 921 458 neque
941 374 1011 460 geri
1034 395 1104 439 ere
1127 374 1258 460 publica
1280 376 1353 442 sine

141 462 320 546 epericulo
352 465 514 547 corruptis
551 461 692 529 civitatis
729 463 883 530 moribus.
932 462 984 527 Ad
1018 462 1147 527 hastam
1183 463 1351 548 publicam

177 573 357 637 numquam
380 549 577 637 accessit¹⁸),
604 573 708 636 neque
731 553 828 617 ullius
851 553 899 617 rei
922 555 979 617 aut
999 573 1095 635 praes
1119 555 1175 616 aut
1197 574 1352 639 manceps

176 638 283 705 factus
312 645 369 707 est
413 639 587 707 Neminem
618 662 722 725 neque
755 662 815 706 suo
847 640 977 706 nomine
1008 661 1112 725 neque
1143 641 1352 707 subscribens

140 745 159 793 4
178 730 386 795 accusavit:
376 752 411 795 1n
429 730 480 795 ius
499 731 538 795 de
558 751 617 794 sua
635 751 670 794 re
688 751 865 814 numquam
883 730 954 794 ivit.
930 727 1163 794 tMultorum
1180 731 1352 796 consulum

178 821 430 922 praetorumque
452 815 718 904 praefecturas¹⁹)
748 819 920 884 delatas
895 839 941 883 s1c
964 818 1103 901 accepit,
1129 823 1166 883 ut
1188 819 1353 885 neminem

178 903 214 970 in
236 907 439 991 provinciam
468 908 512 973 sit
534 910 677 991 secutus,
707 911 805 1009 atque
827 907 951 972 honore
973 906 1073 971 fuerit
1095 910 1281 990 contentus,
1304 910 1354 974 rei

177 994 351 1062 familiaris
370 997 555 1081 despexerit
572 957 725 1061 fructdm:
750 996 805 1079 qui
826 1017 868 1061 no
891 1016 963 1060 cunr
982 994 1020 1071 Q.
1038 995 1168 1097 quidem
1188 957 1354 1081 Cicerone,

178 1105 251 1148 cum
276 1086 360 1169 apud
384 1107 457 1150 eum
480 1085 582 1170 legati
605 1085 713 1151 locum
736 1084 882 1149 obtinere
900 1086 1052 1169 posset,
1042 1106 1077 1148 1n
1096 1084 1212 1149 Asiam
1232 1087 1274 1165 [a
1292 1086 1352 1168 61]

176 1172 225 1237 ire
252 1173 399 1239 voluerit
444 1171 520 1239 Non
548 1173 634 1238 enim
661 1173 773 1238 decere
801 1194 836 1237 se
859 1172 1092 1257 arbitrabatur,
1120 1193 1194 1237 cum
1221 1178 1351 1256 praetu-

143 1276 249 1326 orem
274 1282 385 1347 gerere
407 1262 576 1347 noluisset,
599 1262 758 1328 asseclam
782 1282 852 1326 esse
874 1262 1046 1346 praetoris.
1083 1259 1154 1336 Qua
1171 1261 1208 1325 in
1230 1283 1265 1326 re
1283 1284 1350 1329 non

178 1350 285 1415 solum
308 1350 461 1436 dignitati
484 1351 655 1434 serviebat,
678 1351 734 1415 sed
757 1350 856 1415 etiam
880 1350 1124 1434 tranquillitati,
1148 1372 1221 1415 oum
1245 1353 1350 1436 auspi·

176 1439 284 1503 aiones
300 1460 427 1524 quoque
443 1440 562 1504 vitaret
581 1439 760 1505 criminum.
793 1438 865 1515 Quo
877 1439 977 1503 fiebat
994 1442 1032 1503 ut
1044 1438 1113 1503 eius
1133 1440 1351 1524 observantia,

177 1548 275 1610 quam
299 1528 421 1610 offieio,
448 1549 515 1593 non
537 1528 650 1593 timori
672 1548 777 1612 noque
800 1527 870 1611 spei
892 1527 993 1591 tribui
1016 1528 1173 1605 riderent,
1198 1529 1349 1595 omnibus

176 1619 263 1680 esset
285 1616 398 1681 carior.

142 1720 156 1768 1
265 1703 339 1771 VH.
361 1702 482 1769 Incidit
494 1704 616 1770 bellum
635 1703 730 1769 civile
745 1701 985 1786 Caesarianum.
1016 1701 1097 1770 (lum
1116 1725 1218 1769 annos
1239 1706 1348 1788 [ass]

176 1792 313 1857 haberet
339 1793 466 1859 circiter
494 1793 681 1878 sexaginta,
712 1813 791 1857 usus
819 1795 869 1857 est
901 1792 1017 1857 aetatis
1045 1793 1214 1857 vacatione
1245 1815 1350 1878 neque

177 1903 342 1967 quoquam
375 1903 410 1946 se
437 1882 541 1948 movit
570 1903 609 1945 ex
641 1881 729 1968 urbe.
775 1880 977 1964 Quamquam
1010 1881 1122 1946 amieis
1154 1903 1235 1967 quae
1268 1904 1350 1967 opus

176 1971 307 2036 fuerant
335 1970 377 2035 ad
398 1970 589 2055 Pompeium
612 1969 901 2055 proficiscentibus,
923 1969 1034 2034 omnia
1056 1990 1095 2033 ex
1117 1990 1178 2034 sua
1198 1992 1234 2035 re
1257 1971 1350 2036 farni-

141 2060 252 2124 tliari
274 2056 418 2145 deditw).
462 2058 574 2144 Ipsum
592 2058 785 2142 Pompeium
807 2079 873 2122 non
896 2055 1095 2142 offendit²¹):
1116 2058 1243 2123 nullum
1262 2061 1349 2125 enim

178 2148 220 2213 ab
239 2170 277 2214 eo
296 2148 441 2214 habebat
458 2150 693 2232 ornamentum,
711 2151 750 2210 ut
767 2146 875 2230 ceteri,
894 2146 950 2230 qui
963 2167 1021 2229 per
1044 2167 1117 2211 eum
1136 2151 1194 2211 aut
1209 2147 1349 2214 honoras

178 2241 235 2303 aut
257 2237 387 2303 divitias
415 2240 581 2321 ceperant:
613 2257 751 2322 quorum
773 2235 894 2318 partim
920 2234 1108 2300 invitissimi
1136 2239 1245 2301 castra
1275 2242 1351 2303 sunt

178 2327 291 2406 secuti,
313 2326 435 2410 partim
459 2347 586 2390 summa
613 2346 686 2391 cum
709 2324 779 2388 eius
807 2322 984 2389 offensione
1008 2323 1095 2388 domi
1117 2334 1351 2393 remanserunt.

142 2413 313 2480 aCaesari
340 2435 418 2479 vero
444 2413 548 2478 Attici
575 2413 666 2499 quies
698 2415 793 2477 tanto
821 2433 919 2496 opero
945 2412 1008 2477 fuit
1036 2416 1143 2496 grata,
1169 2415 1350 2497 ut[a.4'1]

178 2504 293 2587 victor,
317 2524 391 2569 oum
414 2502 552 2586 privatis
575 2500 727 2586 pecunias
746 2522 805 2585 per
828 2501 982 2585 epistulas
1004 2501 1189 2585 imperaret,
1212 2503 1351 2568 illinon

178 2591 285 2658 solum
308 2591 467 2656 molestus
489 2611 556 2655 non
580 2594 675 2675 esset,
697 2590 754 2654 sed
778 2590 877 2654 etiam
900 2590 1020 2653 sororis
1038 2590 1142 2654 filium
1161 2594 1195 2654 et
1214 2589 1349 2666 ocios·

183 2702 298 2746 ronam
318 2675 565 2763 concederet22).
605 2676 682 2743 Mox
700 2678 812 2742 eodem
831 2682 939 2743 vetere
960 2678 1113 2743 instituto
1131 2678 1219 2743 ritae
1237 2680 1350 2765 effugit

175 2791 262 2836 nova
284 2768 438 2853 pericula.

143 2875 157 2922 1
268 2854 363 2922 VIII.
390 2855 525 2920 Etenim
544 2855 651 2921 occiso
666 2854 814 2939 Caesare,
828 2877 900 2921 cum
914 2876 966 2920 res
981 2855 1112 2938 publica
1125 2877 1223 2939 penes
1239 2858 1282 2937 [a.
1289 2856 1348 2939 44]

179 2941 348 3033 Brutos²³)
372 2943 496 3009 videret
482 2950 535 3008 tur
557 2965 628 3008 esse
652 2947 685 3009 et
708 2942 857 3009 Cassium
881 2965 918 3008 ac
941 2946 1011 3008 tota
1034 2943 1112 3008 civit
1097 2947 1149 3008 tas
1173 2966 1207 3008 se
1231 2946 1273 3010 ad
1293 2967 1348 3011 eos

144 3051 160 3100 2
181 3035 390 3118 convertisse,
414 3034 460 3098 sic
479 3031 522 3099 M.
536 3032 640 3097 Bruto
659 3054 736 3097 usus
756 3037 816 3117 est,
833 3036 870 3096 ut
888 3053 959 3097 cum
977 3032 1069 3097 nullo
1086 3031 1145 3096 ille
1163 3032 1349 3100 adulescens

177 3124 307 3209 aequali
333 3121 527 3188 familiarius
554 3143 651 3206 quam
681 3142 755 3186 oum
785 3121 847 3186 hoc
875 3141 950 3185 sene
977 3123 1076 3204 esset,
1105 3142 1209 3222 neque
1242 3123 1348 3188 solum

141 3229 158 3278 3
181 3212 361 3298 prinoipem
380 3232 453 3276 eum
470 3210 599 3275 consilii
615 3209 762 3293 haberet,
780 3209 888 3274 sedt
855 3212 888 3273 et
888 3207 953 3273 iam
971 3209 1006 3272 in
1024 3209 1181 3274 convictu
1211 3207 1349 3297 Excogi-

176 3304 283 3366 tatum
308 3304 359 3365 est
382 3322 402 3364 a
425 3298 634 3382 quibusdam,
657 3301 694 3361 ut
716 3259 880 3383 privatum
903 3297 1064 3361 aerarium
1086 3297 1349 3365 interfectoribus

179 3388 327 3455 Caesaris
347 3388 388 3453 ab
403 3387 567 3472 equitibus
581 3385 738 3451 Romanis
753 3386 1012 3451 constitueretur.
1034 3384 1150 3470 Itaque
1165 3387 1349 3471 appellatus

180 3482 232 3544 est
250 3501 270 3542 a
284 3473 320 3542 0.
334 3475 457 3558 Flavio,
470 3475 566 3540 Bruti
579 3474 743 3558 familiari,
757 3473 802 3538 At
788 3473 897 3556 ttieus,
912 3478 950 3538 ut
963 3474 1119 3559 pecuniae
1137 3476 1350 3541 conferendae

141 3568 331 3652 sprinceps
362 3585 433 3629 esse
463 3563 569 3628 vellet.
614 3564 661 3626 At
688 3561 756 3644 ille,
785 3563 841 3647 qui
872 3561 979 3627 officia
1011 3562 1123 3628 amicis
1155 3565 1351 3647 praestanda

178 3657 250 3721 sine
285 3654 429 3719 factione
465 3651 667 3716 existimaret
702 3671 891 3735 semperque
927 3673 947 3715 a
978 3651 1099 3716 talibus
1136 3673 1170 3716 se
1207 3654 1350 3718 consiliis

179 3742 385 3825 removisset,
416 3739 602 3826 respondit:
639 3739 667 3802 si
700 3739 776 3822 quid
807 3737 928 3804 Brutus
961 3739 1028 3803 suis
1060 3739 1270 3806 facultatibus
1300 3741 1350 3806 uti

181 3831 352 3913 voluisset,
384 3850 533 3911 usurum,
566 3830 723 3911 quantum
761 3848 817 3891 eae
844 3831 1046 3913 paterentur:
1079 3849 1114 3892 se
1144 3850 1249 3914 neque
1275 3851 1350 3895 cum

182 3940 345 4002 quoquam
377 3917 416 3982 de
448 3938 487 3981 oa
517 3937 552 3980 re
584 3915 819 3981 collocuturum
850 3937 953 4000 neque
985 3916 1155 3983 coiturum.
1210 3916 1263 3983 Sic
1292 3917 1350 3982 ille

217 4091 250 4160 ¹⁸)
267 4088 322 4144 Um
341 4088 387 4144 die
399 4090 475 4145 bona
487 4089 679 4159 publicatam
695 4105 738 4143 er·
829 4088 1028 4159 ²)Dadnrch,
1051 4089 1112 4145 dass
1135 4106 1166 4144 er
1188 4090 1248 4145 ihm
1271 4091 1353 4146 nicht

177 4161 285 4218 stehen.
791 4160 864 4215 nach
883 4159 1087 4214 Griechenland
1104 4160 1145 4215 fol
1145 4164 1203 4230 g.te

216 4268 250 4336 ιν)
829 4180 1165 4371 ‘iacturarum
1178 4249 1227 4286 ”m

216 4372 253 4443 ao)
270 4370 406 4427 Memora
424 4369 522 4439 gewiss
539 4369 689 4426 leihweise.
827 4372 862 4442 ²³)
880 4370 989 4427 Marcus
1007 4372 1064 4425 und
1082 4372 1221 4429 Decimus.
