2959 4759
181 222 224 288 58
385 221 460 279 xvr.
490 221 702 278 PELOPIDAS.
726 226 752 277 6.
789 220 875 277 XVII.
894 218 1105 277 AGESHrAUS.
1130 226 1153 274 1.

147 400 164 450 6
184 383 344 451 Omnibus
367 388 536 468 praeterea
563 385 632 450 eius
655 383 809 469 periculis
832 382 945 449 adfuit
991 380 1083 449 Sicut
1105 380 1258 467 Spartam
1283 403 1358 447 cum

183 471 441 559 oppugnaritffl),
464 474 534 558 ipse
553 474 690 539 alterum
712 474 820 538 tenuit
837 494 947 556 cornu,
970 493 1098 556 quoque
1116 470 1198 538 Mes·
1218 470 1356 553 [6310]

182 585 260 628 6666
288 563 330 627 66
360 562 416 627 1116
444 563 598 627 restituta
620 562 722 626 tutior
745 565 844 646 esset,
871 561 1000 646 legatus
1022 559 1057 624 in
1079 559 1198 627 Persae
1219 562 1260 640 [a.
1276 560 1354 641 361]

182 655 233 717 661
259 651 432 735 profectus.
477 651 626 736 Denique
652 650 733 716 haec
763 651 827 715 fuit
849 650 953 716 albara
975 670 1115 734 persona
1138 649 1274 733 Thebis,
1303 652 1355 713 sed

181 745 291 806 tamen
314 742 372 823 ita,
393 745 431 805 ut
453 740 602 823 proxima
625 743 711 804 esset
733 738 988 825 Epaminondae.

147 844 161 892 1
269 827 309 894 V.
347 826 562 894 Conflictatus
590 832 698 893 autam
726 835 777 892 661
799 829 900 893 etiam
923 826 1058 892 adversa
1084 824 1225 891 fortuna.
1269 825 1357 894 Nam

181 921 215 982 et
236 916 345 1000 initio,
368 917 453 983 sicut
475 917 690 1000 ostendimus,
714 918 804 982 exsul
826 917 935 1001 patria
957 916 1063 981 caruit
1084 918 1131 999 et,
1158 936 1232 979 oum
1256 913 1356 980 Thes·

181 1006 298 1071 saliam
325 1007 361 1070 iu
392 1009 590 1090 potestatem
617 1005 846 1070 Thebanorum
878 1008 1010 1088 cuperet
1040 1000 1232 1088 redigere14)
1267 1003 1356 1088 lega·

180 1094 343 1180 tionisque
366 1095 434 1159 iure
459 1096 539 1160 satis
561 1097 683 1160 166166
707 1115 741 1158 66
760 1095 982 1177 arbitraretur,
1006 1092 1092 1177 quod
1111 1090 1197 1174 apud
1217 1094 1260 1173 [6.
1274 1092 1354 1175 368]

180 1186 445 1337 {thotila
463 1179 1357 1355 661661613116166616133611

144 1364 239 1426 6661.
285 1360 502 1443 Recuperarit
528 1382 602 1424 eum
630 1360 716 1425 bello
745 1380 941 1445 persequens
964 1358 1185 1423 Alexandrum
1215 1360 1256 1439 [a
1274 1359 1357 1441 361]

180 1448 433 1533 Epaminondas.
467 1447 604 1529 Postyid
626 1448 749 1513 factum
771 1470 949 1532 numquam
972 1447 1082 1512 animo
1101 1446 1225 1531 placari
1248 1450 1359 1532 potuit

179 1534 1359 1709 61166111ἱ61116166116111131116616

145 1728 161 1776 8
181 1713 388 1796 expellerent.
434 1712 533 1779 Cuius
563 1714 640 1779 belli
664 1735 737 1779 oum
761 1714 790 1779 ei
814 1735 941 1778 summa
963 1717 1049 1779 esset
1071 1712 1192 1795 delata,
1221 1735 1260 1777 eo
1284 1736 1358 1779 curn

181 1803 322 1866 exercitu
349 1801 514 1887 profectus
541 1823 608 1867 666
631 1801 807 1886 dubitavit,
836 1802 933 1868 simul
960 1823 999 1867 ac
1020 1802 1190 1884 conspexit
1218 1801 1359 1886 hostem,

144 1890 362 1973 4666613666.
408 1890 448 1955 16
475 1912 539 1976 quo
568 1891 693 1976 proelio
721 1889 946 1956 Alexandrum
973 1895 1010 1955 ut
1037 1889 1281 1973 animadvertit,
1308 1892 1358 1956 ira

179 1980 331 2044 incensus
355 2000 473 2063 equum
500 1979 533 2044 16
557 2001 632 2044 666
654 1980 832 2045 concitavit
853 1979 1028 2063 proculque
1058 1979 1222 2063 digressus
1246 2002 1267 2044 a
1291 1981 1358 2050 suis

180 2068 327 2132 coniectu
344 2068 484 2133 telorum
503 2068 673 2133 confossus
692 2068 841 2133 concidit
878 2068 985 2152 Atque
1009 2067 1150 2132 secunda
1167 2067 1202 2131 id
1219 2067 1359 2134 uictoria

144 2156 312 2222 taccidit:
343 2178 421 2221 666
452 2158 520 2222 166
547 2157 720 2222 1661166166
753 2160 846 2221 eraut
873 2161 1088 2240 tyrannorum
1115 2157 1236 2240 copiae.
1285 2156 1357 2233 Quo

180 2244 268 2310 facto
290 2266 403 2310 66666
422 2244 610 2310 Thessaliae
629 2243 779 2310 ciuitates
797 2246 1002 2310 interfectum
1017 2244 1207 2327 Pelopidam
1227 2248 1357 2311 coronis

180 2335 286 2399 aureis
315 2338 348 2399 et
371 2335 489 2400 statuis
513 2335 622 2400 666616
646 2333 830 2417 liberosque
857 2334 926 2399 eius
949 2335 1052 2399 multo
1078 2353 1158 2416 agro
1182 2333 1357 2401 donarunt.

550 2672 662 2744 XVII.
708 2671 986 2747 AGESILAUS.

147 2826 160 2875 1
270 2808 294 2873 1.
331 2809 505 2895 Agesilaus
532 2808 806 2875 Lacedaemonius
839 2832 911 2876 eum
945 2835 964 2875 6
991 2812 1105 2877 ceteris
1134 2811 1361 2899 scriptoribus,

178 2902 251 2963 tum
274 2897 388 2962 eximie
412 2920 432 2962 a
453 2896 670 2983 Xenophonte
694 2896 860 2965 Socratico
884 2899 1086 2965 collaudatus
1110 2903 1172 2966 est:
1201 2923 1239 2966 eo
1270 2902 1358 2968 enim

144 3003 258 3052 ausus
282 2989 332 3052 est
354 2986 615 3053 familiarissime.
655 2987 802 3052 Primum
825 3010 898 3054 oum
916 2988 1125 3072 Leotychide,
1148 2988 1260 3054 fratris
1279 2990 1359 3076 filio,

178 3075 217 3140 66
240 3097 341 3162 regno
365 3076 482 3142 habuit
505 3077 757 3142 contentionem.
802 3076 874 3142 Mos
900 3078 984 3142 enim
1008 3076 1110 3164 eratl)
1134 3099 1154 3143 a
1177 3079 1358 3145 maioribus

177 3163 442 3230 Lacedaemoniis
460 3166 609 3251 traditus,
627 3171 665 3230 ut
679 3166 760 3230 duos
780 3186 907 3249 semper
921 3166 1080 3230 haberent
1097 3167 1228 3232 nomine
1248 3169 1358 3253 magis

177 3274 275 3336 quam
293 3254 432 3338 imperio
451 3276 554 3340 reges,
578 3276 617 3320 ex
635 3254 761 3319 duabus
780 3252 912 3319 familiis
932 3253 1056 3320 Proclis
1075 3259 1109 3320 61
1127 3253 1356 3340 Eurysthenis,

178 3342 233 3425 qui
266 3342 430 3428 principes
468 3364 507 3406 ex
538 3343 693 3427 progenie
725 3341 877 3407 Herculis
914 3340 1050 3428 Spartae
1086 3364 1178 3428 reges
1215 3344 1356 3411 fuerant

140 3447 157 3494 3
175 3428 303 3495 Horum
330 3451 369 3495 ex
399 3431 503 3494 altera
529 3430 565 3494 in
592 3431 726 3495 alterius
750 3429 896 3495 familiae
925 3433 1033 3497 locum
1059 3453 1171 3518 regem
1193 3434 1266 3498 fieri
1288 3456 1356 3499 non

215 3602 249 3672 18)
273 3602 362 3658 Reine
389 3602 642 3672 Zeitbestimmung
674 3622 736 3657 aum
789 3602 841 3672 jun
863 3620 897 3658 en
924 3603 1071 3676 Philippus
1103 3605 1146 3661 ala
1177 3606 1274 3662 Geisel
1306 3609 1360 3664 mit

175 3673 358 3744 Hauptsatae.
418 3674 603 3743 Oppugnaret
642 3675 737 3728 wurde
792 3622 866 3755 6666
884 3676 1000 3731 Τ66666
1018 3677 1163 3746 gebracht,
1187 3677 1257 3749 3163
1283 3679 1358 3735 darm

177 3744 304 3824 66316166
336 3745 382 3800 616
413 3744 544 3799 hausales
573 3742 737 3799 Verhdltnis
791 3743 897 3799 ureder
929 3753 982 3802 368
1014 3745 1059 3801 616
1091 3747 1249 3802 (16666616
1283 3752 1358 3806 nauh

176 3816 314 3869 awrsoheu
339 3814 441 3870 beiden
463 3813 653 3883 Handlungen
676 3832 737 3869 aus·
793 3815 978 3871 Macedonian
1009 3817 1067 3871 und
1099 3819 1194 3871 wurde
1227 3819 1281 3874 auf
1310 3822 1359 3876 der

136 3912 139 3917 ν
176 3883 310 3940 driiolreu.
388 3935 390 3940 .
792 3885 945 3942 Ruekkehr
968 3887 998 3942 in
1022 3887 1186 3944 Thessalica
1215 3890 1359 3962 36166366

215 3953 249 4020 ²⁴)
268 3953 306 4008 Er
331 3955 412 4011 hatte
439 3953 543 4011 bereits
571 3955 622 4010 aui
647 3955 737 4011 einem
792 3971 968 4027 36666666.

176 4024 322 4095 Heerauge
361 4043 452 4096 gagen
487 4026 649 4083 Alexander
683 4043 739 4083 von
833 4026 854 4095 ¹)
877 4028 931 4083 Zur
953 4028 1015 4084 Zeit
1040 4028 1089 4083 des
1111 4029 1207 4099 Nepos
1235 4030 1359 4089 bestand

175 4095 268 4150 Phara
290 4101 343 4151 869
367 4097 463 4153 616666
501 4098 659 4168 6666111131
681 4098 739 4153 und
794 4096 872 4152 61666
917 4098 1105 4169 Einrichtung
1145 4101 1228 4155 nicht
1269 4107 1358 4159 mehr.

176 4166 223 4223 die
254 4167 459 4222 thessalischen
481 4115 581 4224 iada
614 4169 665 4223 auf
692 4169 739 4225 die
793 4169 851 4223 Der
881 4168 968 4225 letzte
998 4169 1093 4239 Konig
1124 4186 1175 4226 aus
1206 4172 1273 4228 dem
1304 4175 1359 4230 He·

176 4237 362 4292 thebanisohe
390 4237 466 4291 Seite
498 4254 633 4308 gezogen,
667 4238 740 4295 auch
793 4237 1038 4296 raclidenstamme
1087 4256 1145 4294 war
1190 4240 1357 4301 Cleomenes

177 4306 388 4363 alsGesandter
396 4305 701 4378 Thronstreitigkeiteu
709 4311 739 4365 16
793 4307 856 4375 HL,
893 4309 937 4364 616
969 4330 1017 4366 aur
1049 4310 1184 4366 Sohlaaht
1217 4312 1267 4368 bei
1300 4314 1359 4372 Sel-

176 4376 360 4433 16666666166
388 4377 577 4445 gesehliohtet
600 4381 659 4435 und
684 4380 739 4435 den
794 4377 946 4437 16616221.
