2959 4759
321 210 368 267 XI.
395 209 623 264 IPHICRATES.
646 214 670 264 3.
707 209 767 263 XII.
795 206 985 292 CHABRIAS.
1010 213 1034 262 1.
1045 213 1069 261 2.
1237 159 1280 271 39

195 373 254 439 111.
285 373 363 438 Fuit
387 376 495 437 autem
515 375 547 436 et
569 371 678 437 animo
703 391 823 455 magno
847 374 880 434 et
898 391 1034 453 corpore
1057 370 1316 453 imperatoria-1

97 485 168 547 que
192 464 312 544 forma,
340 465 378 526 ut
399 462 471 545 ipso
496 463 630 544 aspectu
657 459 760 525 cuivis
784 459 919 524 iniceret
948 459 1198 523 admirationem
1222 459 1282 542 sui,

97 552 160 616 sed
193 552 228 615 in
255 552 324 615 vita
352 551 483 634 privata
512 549 609 613 nimis
637 547 793 612 remissus
822 568 1000 631 parumque
1032 547 1216 630 continens,
1245 551 1284 611 ut

97 640 338 724 Theopompus
353 638 527 703 memoriae
541 636 691 721 prodidit,
705 637 809 700 bonus
823 658 901 700 vero
915 637 995 700 ciris
1013 635 1139 719 fideque
1153 656 1282 721 magna.

98 728 203 805 Quod
226 727 357 793 cumin
380 726 454 792 aliis
478 726 574 790 rebus
597 725 785 808 declaravit,
807 727 878 789 tum
901 724 1040 788 maxime
1062 724 1097 787 in
1121 723 1284 807 Amyntae
1303 741 1319 788 e

97 815 295 882 Macedonis
318 816 430 880 liberis
457 814 595 880 tuendis.
640 813 789 898 Namque
812 812 989 895 Eurydice,
1017 816 1121 876 mater
1146 814 1188 893 [a.
1203 812 1282 893 369]

99 904 282 970 Perdiccae
305 907 339 968 et
360 903 514 987 Philippi,
537 924 610 967 cum
632 902 685 967 his
708 902 835 967 duobus
858 901 966 985 pueris
985 900 1130 985 Amynta
1153 906 1282 966 mortuo

99 993 144 1057 ad
176 992 374 1077 Iphicratem
403 991 551 1077 confugit
584 991 716 1075 eiusque
745 990 861 1075 opibus
893 989 1024 1053 defensa
1053 984 1144 1075 est9).
1189 987 1318 1055 Vixite

99 1083 144 1146 ad
173 1084 371 1147 senectuteffi
393 1079 532 1164 placatis
556 1079 591 1143 in
616 1101 650 1144 se
673 1100 806 1145 suorum
829 1078 947 1143 civium
972 1078 1097 1142 animis.
1144 1074 1283 1142 Causam

99 1170 224 1254 capitis
238 1170 338 1235 semel
353 1168 444 1252 dixit,
458 1168 547 1233 bello
562 1169 684 1247 sociali,
700 1167 797 1232 simul
811 1189 884 1231 cum
899 1166 1072 1231 Timotheo
1079 1163 1128 1252 ¹⁰),
1149 1166 1191 1245 [a.
1201 1165 1281 1247 355]

100 1280 210 1344 eoque
246 1258 366 1323 iudicio
399 1260 450 1322 est
486 1257 666 1322 absolutus.
710 1256 903 1320 Menesthea
939 1256 1040 1320 filium
1076 1254 1208 1337 reliquit
1244 1276 1282 1319 ex

99 1347 272 1413 Thraessa
308 1349 438 1430 natum,
476 1342 551 1411 Coti
587 1346 674 1430 regis
710 1345 787 1409 filia.
832 1343 866 1408 Is
902 1366 976 1409 oum
1017 1344 1318 1429 interrogaretur,4

99 1442 218 1501 utrum
227 1435 267 1522 11)
293 1435 412 1520 pluris,
439 1436 567 1519 patrem
592 1437 786 1518 metrumne,
813 1433 950 1514 faceret,
973 1429 1146 1497 ‘matrem'
1169 1432 1284 1515 inquit.

99 1523 142 1590 Id
178 1547 250 1590 cum
284 1524 435 1590 omnibus
468 1523 587 1587 mirum
619 1522 797 1606 videretur,
820 1520 887 1586 ‘at'
915 1522 970 1585 ille
999 1517 1149 1586 ‘merito'
1178 1520 1286 1605 inquit

101 1613 226 1678 ‘facioz
254 1634 332 1678 nam
354 1615 449 1697 pater
476 1615 634 1695 quantum
660 1612 695 1675 in
726 1632 761 1676 se
789 1610 853 1674 fuit
876 1609 1053 1676 Thraecem
1081 1631 1133 1673 me
1163 1610 1286 1695 genuit,

100 1705 211 1766 metm
233 1698 493 1767 Atheniensem'.

509 2055 589 2129 XII.
631 2054 884 2129 CHABRIAS.

195 2196 221 2261 Ι.
250 2195 410 2262 Chabrias
429 2194 639 2260 Atheniensis
661 2193 741 2260 item
764 2195 800 2258 in
819 2194 953 2259 summis
976 2194 1108 2259 habitus
1127 2198 1178 2260 est
1200 2195 1319 2263 duci-1

102 2287 168 2351 bus
186 2306 303 2369 resque
322 2286 441 2349 multas
460 2282 618 2348 memorie
638 2283 754 2368 dignas
773 2285 886 2368 gessit.
913 2281 977 2347 Sed
995 2306 1034 2348 ex
1052 2284 1092 2348 iis
1111 2284 1251 2348 maxime
1259 2284 1284 2369 1)

103 2376 212 2440 elucet
238 2373 319 2438 illud
347 2374 415 2438 eius
443 2372 624 2455 inventum,
647 2371 747 2455 quod,
775 2393 847 2436 cum
870 2370 1015 2436 Boeotiis
1044 2374 1125 2436 sub-·
1147 2374 1188 2453 [a.
1204 2373 1283 2454 377]

105 2463 192 2529 sidio
215 2462 370 2546 venisset,
392 2460 426 2525 in
449 2460 573 2545 proelio
598 2460 685 2544 apud
708 2459 839 2525 Thebas
863 2460 1036 2526 commisso
1059 2461 1147 2525 feeit.
1184 2460 1320 2529 Nam-2

106 2573 171 2636 que
193 2551 229 2616 in
252 2572 290 2615 eo
314 2572 387 2615 cum
406 2571 551 2614 summus
570 2548 634 2613 dux
655 2548 827 2634 Agesilaus
845 2548 968 2633 fugatis
988 2549 1053 2613 iam
1074 2550 1284 2615 conducticiis

106 2640 248 2705 catorvis
271 2661 344 2703 oum
367 2638 494 2721 reliqua
515 2636 680 2722 phalange
698 2638 837 2702 victoria
860 2638 998 2703 confisus
1022 2638 1117 2724 signa
1139 2637 1285 2723 inferret,

107 2726 269 2793 Chabrias
294 2748 369 2792 suos
392 2727 465 2791 loco
488 2726 592 2789 vetuit
615 2726 740 2810 cedere,
764 2726 950 2811 obnixoque
974 2748 1058 2813 genu
1083 2732 1173 2792 scuto
1180 2778 1190 2811 ,
1211 2749 1286 2810 pro·

109 2818 196 2882 ieota
219 2816 316 2886 hasta
339 2815 497 2899 impetum
520 2813 665 2879 hostium
685 2815 830 2898 excipere
849 2815 967 2879 docuit.
1002 2815 1040 2880 Id
1058 2838 1180 2881 novum
1199 2816 1285 2902 Age·

109 2906 212 2971 silaus
227 2909 383 2968 contuens
398 2902 552 2987 progredi
569 2925 636 2967 non
653 2907 703 2967 est
721 2925 820 2967 ausus
840 2925 979 2987 suosque
997 2905 1063 2968 iam
1081 2906 1284 2970 incurrentes

9 3009 10 3016 ’
108 2994 188 3058 tuba
216 2991 389 3057 revocavit.
426 2991 497 3056 Hoc
521 3013 623 3075 usque
646 3013 683 3055 eo
711 2994 783 3055 tota
806 2989 942 3056 Graecia
970 2992 1058 3056 ferna
1086 2993 1320 3061 celebretume

109 3086 168 3167 est,
187 3082 300 3146 utillo
320 3083 407 3145 statu
422 3078 580 3146 Chabrias
600 3078 663 3143 sibi
682 3082 824 3143 statuam
843 3080 913 3143 fieri
928 3080 1036 3162 vellet,
1055 3101 1137 3164 qaae
1156 3081 1285 3166 publice

111 3170 141 3235 ei
169 3171 213 3236 ab
240 3169 497 3234 Atheniensibus
525 3169 559 3232 in
586 3168 657 3232 foro
686 3168 865 3231 constituta
892 3172 950 3232 est.
995 3167 1133 3251 Exque
1162 3168 1286 3234 factum

110 3264 161 3324 est
180 3262 218 3323 ut
234 3261 351 3342 postea
370 3257 514 3322 athletae
533 3255 694 3340 ceterique
708 3256 850 3320 artifices
870 3256 936 3321 suis
956 3257 1095 3321 statibus
1114 3258 1148 3321 in
1169 3259 1285 3323 statuis

108 3346 269 3433 ponendis
292 3350 470 3411 uterentur.

199 3435 243 3499 II.
267 3433 427 3500 Chabrias
452 3437 559 3498 autem
582 3437 620 3498 ut
641 3434 745 3498 multa
767 3433 801 3502 in
820 3432 953 3517 Europa
976 3434 1062 3499 bella
1085 3435 1319 3503 administra-1

110 3526 168 3609 vit,
191 3546 265 3589 oum
293 3523 358 3587 dux
380 3521 630 3587 Atheniensium
653 3525 752 3607 esset,
782 3521 828 3587 sio
852 3524 885 3586 in
909 3522 1063 3610 Aegypto
1087 3546 1147 3590 sua
1171 3529 1286 3608 sponte

111 3613 265 3677 bellavit:
288 3634 365 3677 nem
387 3610 606 3677 Nectanabim
630 3611 777 3675 adiutum
800 3611 964 3695 profectus
987 3633 1124 3697 regnum
1149 3615 1190 3694 [a.
1205 3613 1321 3695 379]2

111 3702 141 3766 ei
164 3700 344 3768 constituit.
383 3699 519 3765 Fecerat
540 3700 626 3764 idem
650 3698 760 3784 Cypri,
783 3700 840 3764 sed
862 3700 991 3784 publice
1016 3702 1057 3766 ab
1081 3701 1286 3767 Atheniensi·

109 3791 170 3855 bus
189 3788 364 3873 Euagorae
383 3788 512 3854 adiutor
531 3789 635 3873 datus,
653 3809 756 3873 neque
774 3788 864 3872 prius
885 3790 959 3855 inde
976 3790 1169 3857 discesserat
1187 3813 1285 3876 quem

147 4018 171 4089 ⁰)
188 4016 233 4072 Da
252 4034 282 4071 er
300 4015 403 4085 gerade
420 4015 474 4069 mit
490 4015 567 4070 einer
579 4014 673 4070 Flotte
723 4025 728 4030 “
767 4015 800 4084 ¹⁰)
815 4015 1286 4074 DaeNaherehierfibfflimothEI.

111 4088 141 4142 in
166 4089 222 4142 den
250 4085 484 4142 macedonischan
511 4084 674 4141 cerassem
768 4086 790 4117 ¹¹
815 4088 915 4141 Utrum
929 4086 969 4140 ist
982 4087 1044 4141 hier
1057 4089 1284 4159 nichtPartikel‚

112 4158 241 4226 krauzte,
269 4157 362 4227 begab
391 4157 451 4211 sich
480 4155 526 4210 die
553 4156 673 4225 Konigs-
728 4091 849 4212 sondern
865 4156 1032 4215 Pronomen.

112 4230 205 4285 witwe
232 4230 291 4283 und
317 4229 379 4282 ihre
404 4227 496 4283 Sbhne
519 4227 549 4281 in
577 4227 674 4281 seinen
766 4227 786 4296 ¹)
819 4226 871 4283 Die
908 4228 1099 4286 berfihmteste
1131 4231 1206 4285 That
1237 4231 1287 4286 des

116 4297 674 4369 SchutzgegendenKronprttendenten
728 4298 876 4366 Chabrias,
896 4300 950 4354 den
972 4300 1086 4369 grolsen
1104 4301 1218 4371 Seesieg
1242 4301 1288 4357 bei

114 4369 278 4428 Pausanias.
727 4370 823 4424 Naxus
842 4377 902 4441 376,
921 4371 1108 4442 verschweigt
1125 4371 1229 4442 Nepos.
