2959 4759
209 202 253 266 62
578 202 665 259 xvss.
693 202 905 259 acuemus,
929 210 953 259 r.
973 211 998 261 a.

209 365 397 448 lescentuli,
419 365 564 431 hostium
588 366 730 431 adventu
752 367 932 450 perterriti,
960 370 996 432 ut
1018 368 1060 432 ad
1082 366 1256 433 Thebanos
1281 373 1389 434 trans-

208 455 373 540 fugerent,
394 454 504 520 locum
526 459 619 520 extra
641 455 755 520 urbem
779 455 901 520 editum
925 456 1098 540 cepissent,
1120 456 1305 543 Agesilaus,
1329 458 1389 542 qui

208 541 518 627 perniciosissimum
545 543 615 608 foro
642 543 780 628 videret,
808 544 837 608 ei
865 544 1124 610 animadversum
1152 548 1251 628 osset,
1277 567 1388 629 quem·

210 653 306 717 quam
336 631 378 696 ad
399 632 512 697 hostes
539 632 744 717 transfugere
767 633 893 718 conari,
916 653 989 697 cum
1012 633 1079 698 suis
1104 655 1143 700 eo
1165 633 1257 699 seuit
1279 639 1389 719 atque,

207 724 245 784 ut
272 720 301 786 si
327 720 415 785 bono
443 721 552 786 animo
579 720 749 805 fecissent,
775 721 922 787 laudavit
950 723 1121 787 eonsilium
1149 723 1387 825 eomm,jwd

172 825 283 874 scum
306 810 413 874 locum
436 813 661 894 occupassent:
692 831 727 874 se
749 808 783 873 id
806 807 979 897 quoque¹⁸)
1006 810 1078 875 fieri
1100 811 1216 876 debere
1240 812 1387 876 ammad-

208 898 354 964 vertisse.
400 896 455 963 Sic
483 898 704 963 adulescentes
732 899 887 964 simulata
913 899 1101 965 laudatione
1126 901 1331 984 recuperarit
1352 904 1387 965 et

208 986 369 1052 adiunctis
402 986 442 1050 de
470 988 536 1051 suis
569 986 743 1051 comitibus
775 988 884 1052 locum
910 992 1017 1053 tutum
1049 988 1188 1074 reliquit
1233 986 1387 1072 Namque

206 1077 256 1141 illi
275 1075 401 1141 adiecto
424 1096 559 1140 numero
583 1096 704 1159 eorum,
727 1076 784 1160 qui
807 1080 954 1159 expertes
973 1082 1067 1142 erant
1084 1076 1220 1161 consilii,
1243 1096 1386 1142 commo·

205 1185 280 1230 rere
309 1185 343 1229 se
371 1185 438 1229 non
466 1167 542 1230 sunt
571 1164 642 1229 ausi
669 1161 816 1250 eoque¹⁴)
845 1165 1012 1250 libentius,
1035 1165 1136 1250 quod,
1158 1186 1240 1249 quae
1263 1166 1386 1251 eogita-

206 1258 331 1336 verant,
352 1254 455 1319 latere
478 1253 732 1318 arbitrabantur.

172 1358 185 1405 1
296 1340 370 1406 VII.
407 1338 484 1405 Sine
511 1341 611 1406 dubio
639 1347 716 1424 poet
736 1340 939 1407 Leuctricam
965 1362 1112 1428 pugnam
1135 1341 1386 1408 Lacedaemonii

207 1451 241 1495 ee
268 1451 448 1514 numquam
475 1428 656 1495 refecerunt
683 1450 788 1514 neque
815 1430 991 1514 pristinum
1017 1431 1189 1515 imperium
1213 1451 1384 1515 recupera

205 1523 295 1602 runt,
318 1540 391 1583 oum
414 1515 592 1605 interim¹⁶)
621 1539 799 1603 numquam
823 1519 997 1603 Agesilaus
1025 1518 1152 1583 destitit
1178 1519 1384 1602 quibuscum·

171 1623 269 1693 aque
292 1607 389 1671 rebus
412 1606 520 1690 potuit
542 1606 684 1691 patriam
712 1607 831 1673 iuvare.
876 1606 965 1673 Nam
988 1629 1061 1673 cum
1083 1610 1221 1692 pecunia
1243 1608 1385 1673 maxime

205 1695 453 1761 Lacedaemonii
480 1695 677 1779 indigerent,
701 1695 757 1759 ille
780 1696 944 1781 omnibus,
969 1697 1024 1781 qui
1048 1718 1068 1760 a
1090 1715 1167 1781 rege
1190 1695 1384 1781 defecerant,

206 1784 369 1869 praesidio
392 1783 467 1848 fuit:
495 1805 515 1849 a
538 1784 655 1869 quibus
679 1804 799 1869 magna
822 1785 960 1851 dunatus
983 1785 1120 1871 pecunia
1142 1783 1284 1868 patriam
1307 1785 1383 1850 sub·

171 1874 337 1940 elevavit.
382 1872 490 1957 Atque
522 1873 557 1937 in
589 1894 627 1937 eo
655 1872 736 1937 illud
769 1874 803 1937 in
833 1873 948 1958 primis
977 1874 1041 1938 fuit
1073 1873 1277 1957 admirabile,
1309 1895 1383 1939 cum

205 1963 349 2028 maxima
370 1982 506 2043 munera
528 1961 558 2025 ei
582 1961 623 2026 ab
646 1961 780 2045 regibus
803 1982 840 2026 ac
862 1961 1010 2046 dynastis
1033 1962 1285 2045 civitatibusque
1309 1983 1384 2028 con·

206 2051 378 2134 ferrentur,
401 2051 487 2135 quod
510 2050 593 2114 nihil
615 2072 768 2134 umquam
793 2049 925 2116 domum
949 2073 1040 2116 suam
1063 2050 1210 2131 abstulit,
1236 2050 1320 2115 nihil
1339 2051 1397 2142 ‘de‘

171 2142 302 2224 avictu,
324 2139 409 2204 nihil
432 2138 471 2203 de
493 2139 616 2204 vestitu
633 2138 798 2203 Laconum
822 2140 969 2205 mutavit.
1009 2138 1118 2204 Domo
1140 2138 1201 2203 tali
1223 2138 1287 2204 fuit
1309 2160 1384 2205 uon·

204 2233 328 2313 tentus,
352 2228 442 2312 quali
469 2226 616 2310 Procles,
643 2227 834 2311 progenitor
862 2229 929 2292 eius
956 2229 1131 2312 maiorum,
1160 2226 1269 2292 fuerat
1291 2250 1383 2293 usus:

206 2339 303 2402 quam
331 2317 388 2401 qui
414 2317 566 2401 intrarat,
593 2316 720 2381 nullum
748 2315 878 2400 signum
905 2316 1065 2399 libidinis,
1088 2316 1214 2380 nullum
1237 2316 1383 2381 luxuriae

205 2407 314 2471 videre
337 2409 480 2490 poterat,
509 2410 545 2469 at
566 2405 706 2489 plurima
727 2405 907 2488 patientiae
931 2410 1028 2490 atque
1056 2403 1282 2470 abstinentiae.
1329 2403 1382 2470 Sic

205 2495 293 2560 enim
317 2498 388 2559 erat
410 2494 586 2578 instructa,
608 2498 645 2558 ut
668 2493 760 2558 nulla
782 2493 817 2558 in
840 2516 874 2558 re
897 2493 1041 2559 differret
1064 2514 1084 2557 ι
1107 2492 1249 2558 cuiusvis
1273 2494 1382 2578 inopis

204 2587 302 2669 atque
325 2579 499 2668 privati¹⁶).

170 2692 183 2739 1
292 2669 387 2736 VIII.
414 2671 524 2755 Atque
546 2670 600 2735 hic
627 2672 740 2735 tantus
764 2669 815 2735 vir
836 2676 874 2735 ιι
896 2674 1047 2735 naturam
1074 2669 1245 2737 fautricem
1268 2670 1384 2736 habuit

205 2760 239 2824 in
269 2758 451 2824 tribuendis
479 2758 579 2824 animi
607 2759 796 2843 virtutibus,
828 2759 876 2824 eic
908 2759 1088 2824 maleficam
1120 2763 1234 2825 nactus
1265 2763 1316 2823 est
1347 2760 1383 2824 in

206 2868 340 2933 corpore
353 2846 521 2933 fingendo:
535 2869 612 2912 nam
627 2853 660 2912 et
674 2850 800 2914 statura
812 2847 877 2912 fuit
889 2847 1007 2913 humili
1021 2851 1055 2912 et
1066 2869 1201 2933 corpore
1216 2848 1336 2933 exiguo
1342 2845 1382 2933 ¹⁷)

205 2938 238 3001 et
271 2935 404 3002 claudus
443 2938 545 3002 altero
577 2936 667 3020 pede.
718 2935 807 3012 Quae
839 2958 891 3001 res
923 2958 995 3001 cum
1028 2937 1220 3002 nonnullam
1251 2937 1382 3001 afferret

206 3024 458 3110 deformitatem,
479 3026 594 3111 ignoti,
618 3025 735 3090 faciem
758 3025 828 3090 eiue
851 3046 925 3090 cum
948 3022 1206 3111 intuerenturffl),
1238 3029 1381 3091 contem-

204 3116 342 3194 nebant,
368 3115 506 3180 uirtutes
539 3118 648 3179 autem
676 3114 731 3199 qui
754 3117 926 3198 noverant,
952 3135 1019 3178 non
1045 3115 1199 3199 poterant
1226 3114 1382 3179 admirari

240 3306 274 3377 ¹⁸)
291 3307 436 3362 Zwischen
460 3323 490 3362 se
513 3323 624 3375 quoque
651 3304 691 3361 ist
717 3304 764 3360 ein
816 3304 898 3360 nicht
915 3303 1118 3374 subordiniert,
1136 3305 1257 3360 eundern
1274 3321 1380 3377 gegcn-
1403 3335 1407 3340 ·

200 3379 326 3434 tonloses
344 3379 428 3433 Wort
446 3377 660 3446 eingeschoben.
696 3375 762 3459 llgl.
818 3375 934 3432 attalich
951 3375 1128 3432 koordinicrt
1144 3377 1190 3431 ist.
1218 3374 1284 3446 Vgl.
1298 3376 1380 3432 Anm.

200 3449 282 3505 Anm.
310 3466 343 3503 ιι
369 3447 461 3503 Alcib.
484 3446 551 3515 Vll,
575 3452 591 3500 2
618 3446 676 3502 und
705 3447 762 3502 G1c.
817 3464 851 3501 ru
871 3445 935 3502 Dat.
954 3446 988 3515 ll,
1007 3451 1033 3501 3‘.

199 3519 277 3576 hael.
296 3525 344 3576 84:
367 3522 429 3575 tum
448 3535 478 3574 se
496 3519 617 3586 deniqne
638 3518 684 3573 fur
700 3520 762 3573 tum
855 3517 888 3587 ¹⁶)
907 3517 949 3572 Im
968 3517 1121 3574 deutschen
1139 3516 1287 3571 Ausdruek
1300 3534 1380 3588 „von

200 3593 321 3661 denique
338 3608 377 3648 se.
817 3588 880 3643 dem
901 3590 977 3643 eines
996 3592 1053 3631 -“
1071 3587 1110 3644 ist
1127 3589 1236 3659 „dem“
1258 3589 1310 3644 der
1328 3589 1378 3643 Ar-

239 3664 273 3733 ¹⁴)
297 3662 394 3745 quue
422 3686 456 3709 a
483 3659 570 3728 idque
598 3674 639 3714 eo.
677 3658 762 3714 Sonat
815 3658 895 3726 tirel,
909 3660 975 3715 darf
990 3660 1050 3716 also
1069 3660 1149 3715 nicht
1166 3659 1256 3714 durch
1272 3657 1299 3713 is
1313 3659 1378 3714 wie·

201 3739 331 3790 erneuert
348 3735 379 3788 1d
393 3733 463 3788 eben
481 3731 536 3786 den
547 3728 761 3798 Verbalbegriff.
816 3729 994 3801 dergegeben
1009 3731 1130 3800 werden,
1149 3730 1270 3785 sondern
1288 3729 1380 3785 bleibt

199 3803 275 3859 Aber
294 3806 368 3860 ohne
387 3802 449 3859 eine
469 3802 565 3859 solcbe
579 3801 762 3870 Emeuerung
815 3802 1011 3871 unubersetrt,
1035 3801 1103 3857 oder
1124 3818 1191 3856 man
1209 3799 1378 3856 wiederholt

199 3876 248 3929 des
267 3874 489 3946 Verbalbegriffs
513 3875 591 3930 steht
612 3888 667 3942 que
688 3871 762 3926 auch
816 3872 866 3928 das
894 3873 1114 3929 substantivum.
1158 3862 1299 3942 tangens
1332 3870 1378 3925 fiel

199 3945 295 4016 Pelcp.
319 3947 358 4017 Il,
383 3952 400 4001 4
432 3945 462 4000 in
494 3946 544 4002 der
574 3942 761 4012 Verbindung
814 3945 863 3999 dss
892 3944 1039 4015 Agesilaus
1071 3942 1276 3999 altlalronische
1306 3941 1377 3998 Sittc

198 4034 290 4086 neque
307 4017 350 4072 ita
368 4017 458 4073 multo
464 4017 545 4142 post,
564 4033 608 4071 wo
627 4015 687 4069 also
706 4030 761 4082 que
814 4015 844 4069 in
863 4014 966 4086 Sparta
989 4032 1035 4069 am
1058 4016 1178 4071 meister
1197 4013 1257 4082 auf,
1270 4014 1325 4074 ¹als
1348 4029 1378 4067 er

199 4114 233 4134 =
261 4087 319 4144 und
346 4103 427 4143 awar.
510 4089 529 4142 1.
550 4086 649 4155 Epam.
669 4085 715 4156 IV,
734 4091 760 4140 4.
814 4085 888 4140 nach
916 4085 1007 4141 seiner
1033 4085 1185 4142 Rueklrehr
1212 4101 1262 4140 aue
1289 4083 1375 4139 Asien

197 4158 271 4216 Mitt.
290 4158 324 4227 V,
343 4165 369 4216 4.
391 4159 471 4213 Eum.
507 4157 556 4227 ΠΙ,
574 4164 599 4214 2.
814 4159 871 4213 und
886 4158 993 4212 seinem
1006 4156 1089 4227 Siege
1103 4157 1149 4213 bei
1161 4155 1290 4213 Coronea
1303 4155 1377 4211 nach

237 4231 272 4301 ¹⁶)
290 4229 362 4285 (lum
383 4228 499 4284 interim
520 4229 607 4285 suriel
627 4228 676 4288 ,als
696 4244 760 4282 cum
814 4227 909 4284 Haase
924 4227 1001 4284 kam.

197 4303 296 4358 tamen
314 4301 381 4355 oder
400 4316 463 4353 eum
501 4298 604 4355 uidem.
641 4297 697 4354 Der
715 4299 760 4352 In-
853 4300 885 4366 17)
905 4298 1132 4370 ,,ὃοιιιιιιιιιὶς·“.

199 4373 257 4429 din.
266 4371 350 4443 folgt,
360 4368 426 4425 weil
434 4370 483 4424 der
512 4370 760 4440 stademvorigen
852 4370 1026 4440 18)ιιιιι.ι.
1045 4368 1106 4426 Alc.
1125 4370 1146 4439 I,
1166 4376 1191 4425 3.
