2959 4759
167 171 187 234 8
536 168 570 223 IL
599 166 887 223 THEMISTOOLES.
911 174 977 226 304.

168 332 320 397 facerent.
352 331 619 397 Deliberantibus
637 329 759 415 Pythia
776 332 951 417 respondit,
974 337 1011 400 ut
1034 336 1202 401 moenibus
1223 335 1343 421 ligneis

132 440 148 489 r
170 443 205 486 se
219 422 392 486 munirent.
415 420 454 486 Id
473 442 663 505 responsum
679 441 742 505 qno
757 422 881 486 valeret
894 444 967 487 oum
984 424 1190 511 intellegeret
1204 424 1344 514 nemol),

169 509 402 577 Themistocles
425 510 587 594 persuasit
608 510 643 574 id
664 510 836 575 consilium
855 532 925 576 esse
940 511 1111 596 Apollinis,
1134 514 1225 579 utin
1242 538 1341 581 naves

168 620 203 663 se
238 621 359 684 suaque
392 599 595 665 conferrent:
633 621 706 663 eum
738 600 825 664 enim
858 622 877 664 a
910 601 967 667 deo
1002 602 1179 686 significari
1215 626 1341 670 murum

133 689 325 773 sligneum.
364 687 436 754 Hoc
459 688 596 754 consilio
618 688 758 771 probato
783 689 916 754 navium
938 711 1108 755 numerum
1131 691 1341 758 ducentarum

169 777 331 862 complere
354 777 535 842 accelerant
556 798 676 860 suaque
695 777 815 863 omnia,
838 799 920 864 quae
939 780 1063 845 moveri
1085 784 1247 865 poterant,
1268 805 1341 867 par·

170 866 230 930 tim
250 863 426 949 Salamina,
449 867 569 950 partim
589 865 753 931 Troezena
777 866 965 951 deportant:
988 890 1095 933 arcem
1121 871 1343 936 sacerdotibus

168 955 345 1040 paucisque
373 955 551 1020 maioribus
579 960 659 1020 natu
684 955 725 1020 ad
748 977 840 1021 sacra
867 956 1072 1041 procuranda
1100 958 1247 1043 tradunt,
1269 961 1343 1024 reli-

168 1064 267 1127 quum
291 1044 447 1129 oppidum
469 1040 702 1129 relinquunt4).

135 1150 147 1198 1
257 1132 317 1197 ΙΙΙ.
361 1132 496 1198 Interim
520 1133 562 1198 ah
589 1133 630 1198 iis
655 1132 857 1219 civitatibus,
880 1134 996 1219 quibus
1020 1134 1053 1199 in
1077 1140 1164 1201 torra
1189 1135 1344 1202 dimicare

168 1222 274 1307 magis
305 1221 471 1306 placebat,
503 1222 596 1287 missi
628 1226 704 1286 sunt
736 1221 853 1287 delecti
889 1245 962 1289 cum
993 1222 1152 1309 Leonida,
1183 1223 1343 1290 Lacedae-

167 1312 351 1375 moniorum
383 1330 475 1395 rege,
504 1312 560 1395 qui
587 1310 825 1395 Thermopylas
855 1318 1050 1396 occuparent
1076 1335 1179 1398 neque
1211 1315 1344 1397 longius

167 1399 324 1465 barbaros
351 1399 504 1484 progredi
531 1401 729 1484 paterentur.
773 1400 838 1477 Qui
862 1401 990 1485 quidem
1014 1401 1081 1465 vim
1107 1402 1254 1467 hostium
1285 1405 1344 1468 cir-

167 1488 331 1553 cumventi
348 1510 416 1553 non
439 1488 663 1553 sustinuerunt
682 1489 856 1573 eodemque
879 1491 951 1555 loco
971 1511 1084 1555 omnes
1103 1490 1343 1579 interierunt5).

130 1592 146 1640 a
166 1575 213 1641 At
236 1577 350 1642 classis
374 1577 553 1643 communis
574 1576 728 1643 Graeciae
748 1583 965 1644 trecentarum
984 1580 1125 1664 navium,
1148 1581 1183 1644 in
1202 1603 1267 1665 qua
1286 1581 1343 1646 du·

165 1662 311 1751 centae⁶)
339 1670 433 1732 erant
455 1666 721 1751 Atheniensium,
743 1668 885 1751 primum
909 1669 993 1752 apud
1017 1668 1230 1734 Artemisium
1258 1671 1345 1735 iuter

164 1754 332 1820 Euboeam
348 1756 628 1841 continentemque
647 1760 770 1821 terram
784 1779 856 1822 cum
872 1757 1047 1822 classiariis
1067 1758 1167 1843 regiis
1187 1758 1340 1826 conflixit.

165 1842 346 1931 Angustias
361 1844 449 1910 enim
459 1844 694 1911 Themistocles
711 1847 896 1932 quaerebat,
914 1868 955 1910 ne
969 1847 1176 1911 multitudine
1195 1846 1341 1912 hostium

130 1948 146 1996 3
167 1933 364 1998 circuiretur.
399 1933 460 2018 Ibi,
483 1935 546 1999 etsi
568 1935 641 2019 pari
663 1934 769 2000 Marte
792 1935 1018 2018 discesserant,
1041 1938 1151 1999 tamen
1173 1957 1240 2001 non
1264 1940 1344 2001 sunt

165 2022 237 2087 ausi
260 2019 401 2106 manere,
425 2023 511 2109 quod
535 2028 605 2089 erat
627 2025 820 2108 periculum,
843 2046 898 2106 ne,
922 2025 951 2088 si
973 2045 1050 2107 pars
1073 2025 1206 2088 navium
1230 2024 1343 2090 adver·

165 2111 324 2178 sariorum
356 2111 525 2177 Euboeam
558 2118 759 2197 superasset,
790 2113 924 2196 ancipiti
956 2117 1180 2196 premerentur
1208 2114 1343 2197 proelio.

128 2197 236 2275 4Quo
264 2200 387 2266 factum
415 2206 466 2266 est
492 2206 530 2266 ut
557 2202 598 2266 ab
626 2201 803 2266 Artemisio
832 2201 1034 2265 discederent
1066 2207 1099 2265 et
1132 2201 1343 2267 exadversum

74 2362 78 2369 ,
166 2288 314 2354 Athenas
339 2290 426 2375 apud
450 2288 615 2355 Salamina
637 2291 776 2355 classem
800 2312 892 2355 suam
916 2291 1159 2354 constituerent.

119 2387 145 2442 '1
254 2377 312 2444 IV.
350 2381 397 2444 At
418 2377 542 2443 Xerxes
562 2378 791 2464 Thermopylis
815 2378 1008 2462 expugnatis
1032 2379 1182 2464 protinus
1206 2380 1344 2445 accessit

166 2464 271 2553 astu⁷)
295 2466 392 2553 idque
414 2467 514 2532 nullis
533 2467 779 2532 defendentibus
802 2466 981 2531 interfectis
1006 2468 1237 2552 sacerdotibus,
1262 2491 1343 2554 quos

129 2556 200 2621 ain
229 2577 302 2620 arce
329 2556 512 2639 invenerat,
539 2555 689 2620 incendio
717 2555 845 2620 delevit.
892 2552 991 2619 Cuius
1018 2556 1152 2621 flamma
1179 2558 1344 2642 perterriti

165 2644 326 2710 classiarii
353 2666 426 2709 eum
452 2666 584 2709 manere
615 2666 683 2709 non
710 2644 866 2709 auderent
893 2648 926 2708 et
957 2645 1090 2727 plurimi
1121 2644 1341 2725 hortarentur,

164 2736 202 2798 ut
220 2733 335 2817 domos
355 2754 430 2797 suas
450 2732 651 2798 discederent
669 2733 903 2816 moenibusque
923 2754 957 2796 ss
977 2732 1196 2818 defenderent,
1212 2733 1342 2799 Themi-

165 2822 284 2886 stocles
307 2844 390 2886 unus
412 2821 547 2887 restitit:
577 2822 746 2887 universos
770 2821 857 2886 enim
885 2843 980 2904 pares
1004 2843 1075 2886 esse
1103 2844 1200 2906 posse
1224 2823 1344 2908 aiebat,

166 2910 330 2995 dispersos
352 2910 537 2976 testabatur
559 2912 732 2995 perituros,
754 2910 851 2995 idque
871 2909 1054 2995 Eurybiadi
1076 2910 1344 2995 Lacedaemonio,

16 3071 18 3074 ,
130 3000 222 3085 aqui
254 3003 325 3065 tum
358 3022 504 3065 summae
536 3000 664 3084 imperii
696 3003 860 3085 praeerat,
892 3000 963 3064 fore
1000 3000 1213 3065 affirmabat
1239 3001 1343 3078 Quem

166 3111 239 3154 cum
267 3090 375 3154 minus
404 3112 500 3175 quam
527 3089 628 3154 vellet
654 3092 812 3171 moveret,
839 3091 940 3154 noctu
964 3088 1002 3153 de
1026 3090 1128 3155 servis
1156 3091 1223 3154 suis
1247 3111 1342 3173 quem

166 3177 283 3243 habuit
300 3178 527 3246 fidelissimum
548 3178 587 3243 ad
606 3199 715 3263 regem
735 3178 836 3260 misit,
854 3181 892 3242 ut
910 3177 939 3241 ei
957 3177 1124 3242 nuntiaret
1143 3178 1209 3242 suis
1226 3178 1344 3263 verbis,

131 3282 149 3331 4
168 3268 372 3333 adversarios
394 3270 463 3332 eius
487 3267 521 3331 in
544 3266 624 3352 fuga
642 3288 726 3332 esse:
750 3266 805 3351 qui
824 3266 853 3331 si
871 3266 1104 3344 discessissent,
1127 3266 1250 3331 maiore
1269 3288 1343 3332 eum

164 3356 277 3421 labore
302 3359 335 3420 et
358 3356 585 3441 longinquiore
608 3359 756 3440 tempore
778 3355 901 3420 bellum
925 3354 1155 3438 confecturum,
1180 3377 1255 3420 cum
1278 3358 1342 3421 sin·

166 3445 262 3530 gulos
286 3444 468 3510 consectari
491 3449 674 3529 cogeretur:
699 3444 751 3508 sin
770 3465 825 3509 eos
850 3444 962 3508 statim
986 3443 1227 3529 aggrederetur,
1249 3445 1342 3510 brevi

165 3534 337 3599 universos
360 3554 599 3618 oppressurum.
644 3532 717 3598 Hoc
740 3553 778 3597 eo
802 3532 948 3617 valebat,
972 3538 1008 3597 ut
1037 3531 1132 3596 inviti
1161 3530 1276 3598 Graeci
1300 3533 1342 3598 ad

130 3637 146 3687 5
166 3621 418 3708 depugnandum
438 3643 550 3688 omnes
569 3626 769 3707 cogerentur.
796 3620 962 3686 Barbarus
980 3643 1015 3684 re
1036 3621 1154 3705 audita,
1171 3621 1255 3686 nihil
1274 3622 1343 3689 doli

203 3849 224 3918 8)
252 3848 392 3906 Genauer:
417 3849 499 3905 Viele
524 3849 658 3905 deuteten
681 3848 727 3903 die
819 3849 840 3917 ⁶)
863 3849 925 3903 Nur
943 3847 989 3902 dio
1007 3850 1109 3905 Laced.
1128 3848 1187 3904 und
1205 3848 1343 3919 Thespier

166 3921 265 3976 Worte
291 3920 341 3977 des
368 3920 486 3977 Orakels
514 3921 566 3975 auf
589 3920 652 3976 eine
677 3938 726 3975 un·
781 3919 873 3975 fielen.
906 3920 958 3975 Die
977 3921 1126 3976 Thebanos
1143 3922 1258 3976 wurden
1275 3937 1342 3976 vom
1462 3991 1469 4002 ,

118 4013 122 4023 ·
165 3990 725 4061 glr'iclrlicheSeeschlachtbeiSalamis3
781 3991 892 4061 Ktnige
927 3991 1085 4048 verschont.
1132 3991 1184 4046 Die
1220 3992 1341 4063 librigen

166 4063 302 4118 Themist.
322 4063 390 4119 aber
408 4064 579 4134 uberaeugte
597 4063 645 4132 sie,
665 4063 726 4119 dats
780 4062 1031 4132 Buudesgenossen
1045 4062 1342 4119 hatteLeonidasvor-

166 4134 228 4189 eine
247 4134 409 4204 gldekliche
427 4135 554 4205 gemeint
572 4134 621 4189 sei.
780 4134 832 4188 her
850 4135 1000 4187 entlassen.

203 4205 225 4276 ⁴)
243 4205 346 4261 Diesen
360 4205 531 4276 Massregeln
548 4204 618 4288 ging
632 4205 682 4259 das
696 4203 726 4258 in
818 4203 1344 4273 ⁶)DieZahlwarerstinderSchlacht

165 4274 725 4407 qalp.HqEratqutevoranqreqqtrchidrqs
780 4274 966 4414 bei)Sqla¹qris
974 4273 1078 4399 dolllilt
1104 4344 1118 4397 I
1144 4349 1161 4398 4

178 4363 585 4421 ogenernerrmaugeeu
645 4364 725 4400 w.
885 4364 974 4401 n.a
1079 4386 1170 4414 .,.
