2959 4759
546 159 708 216 armeus.
733 165 855 215 re-re.
1240 157 1284 221 93

107 323 201 409 quod
233 328 399 409 praestare
429 346 495 389 non
525 327 668 407 possent.
712 321 803 387 Idem
834 322 869 385 in
900 321 1034 406 tuendo,
1066 320 1152 406 quod
1185 321 1322 386 semela

111 412 296 497 adnuisset,
323 416 418 478 tanta
440 415 511 477 erat
533 433 624 495 cura,
646 415 770 476 utnon
796 411 996 493 mandatam,
1023 410 1079 475 sed
1103 430 1194 475 suam
1217 432 1286 474 rem

112 500 279 566 videretur
305 521 412 586 agere.
456 499 644 586 Numquam
671 500 812 583 suscepti
844 499 968 584 negotii
1001 520 1073 563 enm
1101 503 1284 584 pertaesum

114 593 179 654 est:
203 612 295 655 suam
314 591 400 654 enirn
423 590 695 655 existimationem
715 588 750 652 in
774 609 812 653 ea
829 609 864 652 re
882 588 938 671 agi
955 588 1103 671 putabat,
1121 609 1187 671 qua
1203 587 1287 652 nihil

110 677 259 742 habebat
281 679 396 744 carius.
433 677 504 754 Quo
521 677 623 742 fiebat
640 681 678 742 ut
697 677 807 742 omnia
825 675 1025 755 Ciceronum,
1039 674 1081 741 Μ.
1095 672 1287 762 Οεὴοιιίε“),
1305 690 1322 737 3

112 765 154 842 Q.
176 766 360 851 Hortensii,
387 765 427 831 A.
450 766 620 851 Torquati,
653 766 830 830 multorum
857 769 1024 849 praeterea
1050 765 1195 848 equitum
1222 764 1287 829 Ro·

113 876 286 920 manorum
317 856 452 941 negotia
479 857 677 939 procuraret.
721 853 773 918 le
800 875 864 939 qno
891 853 1027 918 iudicari
1059 855 1188 936 poterat
1219 874 1286 917 non

112 944 234 1007 inertia
256 965 340 1026 eum,
362 944 418 1009 sed
442 943 563 1008 iudicio
584 942 710 1027 fugisse
731 943 779 1007 rei
801 942 950 1027 publicae
973 942 1242 1025 procurationem.

204 1031 292 1098 XVI.
314 1031 537 1097 Humanitatis
556 1053 632 1097 vero
651 1031 778 1096 nullum
796 1030 922 1095 adferre
940 1031 1044 1095 maius
1062 1030 1286 1094 testimonium
1308 1042 1320 1088 1

114 1141 264 1205 possum,
292 1143 391 1206 quam
419 1121 504 1205 quod
532 1121 720 1185 adulescens
748 1119 833 1186 idem
861 1120 931 1184 seni
954 1117 1063 1184 Sullae
1093 1118 1156 1183 tuit
1177 1117 1286 1182 iucun-

114 1208 282 1288 dissimus,
310 1230 408 1275 senex
434 1209 633 1275 adulescenti
655 1207 699 1274 M.
723 1207 840 1292 Bruto,
870 1229 944 1273 cum
967 1208 1154 1292 aequalibus
1178 1209 1287 1271 autem

116 1297 186 1361 suis
210 1296 247 1373 Q.
260 1298 436 1364 Hortensio
461 1302 493 1362 et
511 1296 553 1363 M.
569 1295 724 1363 Cicerone
748 1298 794 1362 sic
817 1298 911 1378 vixit,
933 1300 971 1360 ut
992 1296 1133 1362 iudicare
1156 1294 1287 1360 difficile

114 1385 174 1470 sit,
201 1386 254 1451 cui
282 1387 383 1452 aetati
410 1387 508 1452 fuerit
542 1386 739 1470 aptissimus.
785 1384 989 1469 Quamquam
1016 1407 1090 1452 eum
1116 1385 1323 1469 praecipuas

111 1474 230 1539 dilexit
257 1471 384 1556 Cicero,
415 1480 452 1540 ut
483 1496 524 1539 ne
554 1474 657 1539 frater
685 1472 814 1557 quidem
842 1475 874 1537 ei
901 1472 1039 1547 Quintus
1066 1474 1173 1538 carior
1200 1477 1288 1538 esset

113 1566 174 1626 aut
206 1562 408 1627 familiarior.
453 1562 494 1627 Ei
527 1562 574 1626 rei
606 1564 682 1626 sunt
712 1561 832 1626 indicio
860 1564 989 1645 praeter
1020 1582 1074 1625 eos
1101 1561 1219 1640 libros,
1252 1563 1322 1625 ine

113 1651 234 1734 quibus
263 1651 302 1715 de
325 1671 363 1715 eo
387 1649 467 1715 facit
493 1650 706 1734 mentionem,
737 1650 850 1734 quiin
872 1649 988 1735 vulgus
1013 1653 1088 1713 sunt
1111 1650 1202 1734 editi,
1229 1672 1288 1714 un·

114 1736 265 1826 decim⁴⁷)
294 1740 460 1804 volumina
487 1739 714 1822 epistularum,
746 1737 787 1802 ab
816 1739 987 1803 consulatu
1015 1738 1084 1802 eius
1116 1759 1219 1822 usque
1248 1737 1289 1803 ad

115 1830 297 1892 extremum
320 1830 449 1912 tempus
472 1828 512 1892 ad
534 1828 682 1893 Atticum
705 1827 893 1891 missarum:
916 1848 998 1910 qnae
1021 1826 1077 1910 qui
1100 1827 1197 1910 legat,
1221 1848 1288 1892 non

116 1917 256 1980 multum
275 1915 436 1981 desideret
458 1920 644 1980 contextam
662 1915 795 1980 illorum
817 1918 1000 1999 temporum
1017 1914 1198 1981 historiam.
1236 1912 1288 1980 Sic
1306 1926 1324 1974 4

117 2004 205 2069 enim
229 2005 338 2070 omnia
365 2005 403 2069 de
427 2004 543 2070 studiis
566 2004 763 2088 principum,
786 2003 874 2068 vitiis
898 2004 1029 2083 ducum,
1052 2004 1288 2069 mutationibus

116 2093 338 2176 reipublicae
364 2094 546 2178 perscripta
574 2096 663 2177 sunt,
689 2096 726 2156 ut
748 2091 832 2157 nihil
859 2092 894 2156 in
923 2093 963 2157 iis
986 2113 1053 2156 non
1076 2096 1232 2176 appareat
1255 2096 1289 2157 et

91 2179 211 2246 tasilo
240 2182 419 2247 existimari
446 2182 550 2268 possit
575 2181 782 2265 prudentiam
815 2181 954 2265 quodam
983 2181 1079 2245 modo
1110 2203 1181 2245 esse
1209 2181 1288 2245 divi-

116 2272 293 2335 nationem.
329 2270 405 2336 Non
422 2272 510 2335 enim
523 2268 635 2335 Cicero
655 2290 693 2334 ea
712 2270 826 2353 solnm,
846 2290 928 2353 quae
946 2269 1020 2333 vivo
1040 2290 1075 2334 se
1093 2269 1290 2351 acciderunt,

116 2359 227 2424 futura
258 2360 431 2445 praedixit,
464 2360 520 2424 sed
553 2359 651 2424 etiam
683 2379 766 2442 quae
799 2379 884 2424 nune
916 2380 976 2423 usn
1007 2358 1142 2422 ueniunt
1173 2357 1290 2423 cecinit

117 2452 155 2512 ut
176 2453 276 2513 vates.

207 2535 313 2601 XVII.
341 2536 391 2601 De
413 2537 536 2620 pietate
559 2540 666 2602 autem
685 2534 788 2600 Attici
807 2535 883 2620 quid
902 2536 996 2619 plura
1019 2536 1290 2600 commemorem?
1310 2546 1323 2594 1

119 2645 191 2690 oum
215 2626 277 2691 hoo
301 2627 335 2690 in
357 2625 470 2690 funere
493 2625 608 2690 matris
632 2646 717 2709 suae,
737 2646 833 2709 quam
854 2625 970 2689 extulit
993 2645 1152 2688 armorum
1176 2626 1217 2705 [a.
1230 2624 1288 2706 42]

118 2714 310 2799 nonaginta,
328 2735 401 2779 cum
419 2713 491 2798 ipse
510 2718 596 2778 esset
614 2719 737 2798 septem
757 2716 790 2777 et
809 2714 988 2798 sexaginta,
1001 2733 1076 2777 uere
1094 2713 1290 2798 gloriantem

121 2802 292 2886 audierim,
322 2823 355 2867 se
377 2824 554 2886 numquam
582 2824 655 2867 cunr
682 2806 787 2867 matre
815 2803 850 2866 in
872 2801 1012 2884 gratiam
1034 2802 1172 2886 redisse,
1198 2824 1290 2867 num-

119 2910 217 2970 quam
241 2910 313 2953 cum
342 2909 453 2954 sorore
482 2888 584 2954 fuisse
605 2890 640 2954 in
668 2890 845 2954 simultate.
891 2887 982 2964 Quod
1006 2893 1056 2953 est
1083 2891 1211 2974 signum
1235 2893 1327 2955 anta

119 2974 245 3039 nullam
268 2997 422 3060 nmquam
440 2976 526 3040 inter
549 2998 603 3041 eos
627 2978 862 3060 querimoniam
881 2977 1111 3059 intercessisse,
1132 2981 1189 3043 aut
1206 2978 1292 3043 hunc

121 3084 160 3128 ea
181 3064 282 3129 fuisse
310 3064 343 3128 in
367 3085 443 3128 suos
471 3065 685 3149 indulgentia,
707 3067 759 3148 ut,
787 3086 868 3150 quos
892 3086 999 3129 amare
1022 3066 1167 3151 deberet,
1195 3067 1292 3132 irasci

119 3152 160 3218 iis
183 3152 274 3217 nefas
302 3152 441 3218 duceret.
486 3151 599 3237 Neque
627 3153 660 3217 id
689 3153 769 3218 fecit
794 3157 913 3218 natura
940 3155 1058 3234 solum,
1088 3155 1139 3219 cui
1163 3156 1327 3240 quideme

119 3262 233 3307 ornnes
264 3263 430 3327 paremus,
462 3241 518 3306 sed
550 3241 649 3307 etiam
677 3241 838 3307 doctrina:
869 3264 946 3306 nam
976 3243 1158 3327 principum
1185 3243 1292 3328 philo-

121 3331 299 3416 sophorum
330 3333 379 3395 ita
408 3334 558 3415 percepta
593 3331 710 3396 habuit
745 3334 934 3417 praecepta,
970 3334 1008 3395 ut
1037 3332 1078 3397 iis
1110 3332 1152 3397 ad
1189 3333 1291 3397 vitam

14 3469 16 3474 .
121 3420 290 3504 agendam,
312 3441 379 3485 non
403 3419 443 3484 ad
467 3419 718 3485 ostentationem
742 3423 896 3485 uteretur.

59 4197 61 4201 ,
123 4140 249 4197 datieren
268 4142 308 4196 sie
325 4143 404 4197 nieht
423 4144 480 4198 erat
497 4159 552 4198 von
570 4140 682 4198 Ciceros

208 3507 329 3573 XVIII.
364 3507 466 3573 Moris
489 3508 588 3574 etiam
610 3510 769 3574 maiorum
789 3531 934 3574 summus
956 3508 1102 3575 imitator
1124 3509 1187 3574 fuit
1211 3511 1326 3574 anti-1

122 3596 319 3682 quitatisque
337 3601 477 3662 amatore
505 3620 602 3683 quam
621 3598 700 3663 adeo
721 3598 895 3683 diligenter
912 3597 1028 3662 habuit
1053 3600 1233 3683 cognitam,
1256 3603 1294 3662 ut

123 3706 192 3750 eam
204 3688 308 3750 totam
321 3685 356 3749 in
371 3707 409 3750 eo
421 3686 585 3751 volumine
600 3688 794 3771 exposuerit,
804 3709 867 3771 quo
882 3687 1094 3772 magistratus
1110 3688 1239 3752 ornavit
1272 3689 1294 3773 ).

158 3823 193 3893 4ο)
213 3823 270 3878 Der
284 3822 397 3878 sichim
410 3824 495 3880 Jahre
504 3830 540 3880 46
554 3824 583 3879 in
597 3824 680 3880 Utica
734 3824 784 3879 des
811 3824 937 3893 Atticus,
969 3824 1031 3880 eine
1059 3822 1182 3879 Chronilr
1207 3827 1294 3882 Roma

122 3895 219 3965 totate.
734 3895 803 3978 (Issl
822 3894 879 3979 Cic.
898 3897 975 3981 Brut.
996 3900 1011 3962 ξ
1030 3900 1062 3949 11
1078 3896 1143 3966 flg..
1180 3895 1217 3950 Es
1237 3914 1295 3952 war

734 3967 795 4020 drea
818 3966 899 4021 maht
920 3984 982 4022 eme
1007 3965 1097 4022 blosse
1115 3899 1295 4039 dufadhlung

123 4070 280 4127 Redalrtion
294 4070 358 4125 sind
375 4089 404 4127 es
420 4079 453 4127 16
467 4073 589 4137 Βῠοὶιθτς
609 4072 681 4126 auch
734 4038 793 4091 und
810 4036 931 4107 5⁰th
945 4038 1119 4108 Amrdmmg
1132 4038 1182 4094 ἀοι
1195 4039 1295 4094 Bem'

158 3999 194 4069 ⁴⁷)
212 4000 245 4054 In
259 4000 308 4054 der
325 4019 376 4055 uns
391 4001 464 4071 jetat
482 4001 682 4070 vorliegenden

734 4108 891 4177 tenreihen,
905 4108 1084 4178 dergleichan
1103 4127 1133 4163 es
1144 4111 1176 4181 J'a
1190 4108 1294 4166 bereits

125 4212 267 4282 K⁰¹¹⁸¹¹l²i=
282 4213 403 4269 sondern
416 4213 575 4269 vomJahre
586 4220 621 4270 68
636 4229 680 4268 an.
734 4177 987 4305 ffhrgln’ffingaggr
1002 4180 1296 4307 ffiflssrlpmteinqeffi

162 4318 198 4388 ⁴⁸)
217 4318 346 4374 Gemoint
362 4320 402 4375 ist
418 4322 469 4376 der
485 4320 558 4376 liber
571 4319 681 4376 annalis
734 4320 831 4375 werdo
849 4321 993 4377 ordinavit
1010 4322 1158 4377 anderten.
