<?xml version="1.0" encoding="UTF-8"?>
<!DOCTYPE html PUBLIC "-//W3C//DTD XHTML 1.0 Transitional//EN"
    "http://www.w3.org/TR/xhtml1/DTD/xhtml1-transitional.dtd">
<html xmlns="http://www.w3.org/1999/xhtml" xml:lang="en" lang="en">
 <head>
  <title>
</title>
<meta http-equiv="Content-Type" content="text/html;charset=utf-8" />
  <meta name='ocr-system' content='tesseract 3.04.00' />
  <meta name='ocr-capabilities' content='ocr_page ocr_carea ocr_par ocr_line ocrx_word'/>
</head>
<body>
  <div class='ocr_page' id='page_1' title='image "./corneliinepotis01ortmgoog_0045.png"; bbox 0 0 2959 4759; ppageno 0'>
   <div class='ocr_carea' id='block_1_1' title="bbox 582 182 1294 248">
    <p class='ocr_par' dir='ltr' id='par_1_1' title="bbox 582 182 1294 248">
     <span class='ocr_line' id='line_1_1' title="bbox 582 182 1294 248; baseline -0.004 -10"><span class='ocrx_word' id='word_1_1' title='bbox 582 183 615 238; x_wconf 87' lang='lat' dir='ltr'>X.</span> <span class='ocrx_word' id='word_1_2' title='bbox 638 182 736 240; x_wconf 89' lang='lat' dir='ltr'>DION.</span> <span class='ocrx_word' id='word_1_3' title='bbox 757 188 783 238; x_wconf 77' lang='lat'>2.</span> <span class='ocrx_word' id='word_1_4' title='bbox 798 190 823 238; x_wconf 85' lang='lat'>3.</span> <span class='ocrx_word' id='word_1_5' title='bbox 1250 183 1294 248; x_wconf 89' lang='grc'>33</span> 
     </span>
    </p>
   </div>
   <div class='ocr_carea' id='block_1_2' title="bbox 112 344 1329 1403">
    <p class='ocr_par' dir='ltr' id='par_1_2' title="bbox 112 344 1296 587">
     <span class='ocr_line' id='line_1_2' title="bbox 112 344 1296 431; baseline -0.001 -20"><span class='ocrx_word' id='word_1_6' title='bbox 112 346 344 431; x_wconf 89' lang='lat' dir='ltr'>thaginienses</span> <span class='ocrx_word' id='word_1_7' title='bbox 360 346 488 429; x_wconf 89' lang='lat' dir='ltr'>quidem</span> <span class='ocrx_word' id='word_1_8' title='bbox 503 367 576 410; x_wconf 91' lang='lat' dir='ltr'>eum</span> <span class='ocrx_word' id='word_1_9' title='bbox 591 368 611 410; x_wconf 90' lang='lat' dir='ltr'>a</span> <span class='ocrx_word' id='word_1_10' title='bbox 625 344 784 430; x_wconf 90' lang='lat' dir='ltr'>Dionysio</span> <span class='ocrx_word' id='word_1_11' title='bbox 803 346 937 410; x_wconf 86' lang='lat' dir='ltr'>missum</span> <span class='ocrx_word' id='word_1_12' title='bbox 957 346 1005 411; x_wconf 90' lang='lat' dir='ltr'>sie</span> <span class='ocrx_word' id='word_1_13' title='bbox 1022 349 1244 430; x_wconf 85' lang='lat' dir='ltr'>suspexerunt,</span> <span class='ocrx_word' id='word_1_14' title='bbox 1258 350 1296 410; x_wconf 94' lang='lat' dir='ltr'>ut</span> 
     </span>
     <span class='ocr_line' id='line_1_3' title="bbox 112 432 1294 519; baseline 0 -20"><span class='ocrx_word' id='word_1_15' title='bbox 112 435 282 499; x_wconf 89' lang='lat' dir='ltr'>neminem</span> <span class='ocrx_word' id='word_1_16' title='bbox 310 456 462 519; x_wconf 88' lang='lat' dir='ltr'>umquam</span> <span class='ocrx_word' id='word_1_17' title='bbox 491 432 616 498; x_wconf 78' lang='lat' dir='ltr'>Graeca</span> <span class='ocrx_word' id='word_1_18' title='bbox 642 434 756 518; x_wconf 90' lang='lat' dir='ltr'>lingua</span> <span class='ocrx_word' id='word_1_19' title='bbox 787 434 975 517; x_wconf 88' lang='lat' dir='ltr'>loquentem</span> <span class='ocrx_word' id='word_1_20' title='bbox 1007 435 1112 519; x_wconf 88' lang='lat' dir='ltr'>magis</span> <span class='ocrx_word' id='word_1_21' title='bbox 1145 434 1210 499; x_wconf 87' lang='lat' dir='ltr'>sint</span> <span class='ocrx_word' id='word_1_22' title='bbox 1241 435 1294 499; x_wconf 91' lang='lat' dir='ltr'>ad-</span> 
     </span>
     <span class='ocr_line' id='line_1_4' title="bbox 113 524 240 587; baseline 0 0"><span class='ocrx_word' id='word_1_23' title='bbox 113 524 240 587; x_wconf 86' lang='lat' dir='ltr'>mirati.</span> 
     </span>
    </p>

    <p class='ocr_par' dir='ltr' id='par_1_3' title="bbox 114 608 1329 1403">
     <span class='ocr_line' id='line_1_5' title="bbox 207 608 1327 696; baseline -0.001 -21"><span class='ocrx_word' id='word_1_24' title='bbox 207 611 249 676; x_wconf 90' lang='grc' dir='ltr'>Π.</span> <span class='ocrx_word' id='word_1_25' title='bbox 286 610 399 694; x_wconf 88' lang='lat' dir='ltr'>Neque</span> <span class='ocrx_word' id='word_1_26' title='bbox 427 632 502 674; x_wconf 85' lang='lat' dir='ltr'>vero</span> <span class='ocrx_word' id='word_1_27' title='bbox 526 608 735 694; x_wconf 85' lang='lat' dir='ltr'>Dionysium,</span> <span class='ocrx_word' id='word_1_28' title='bbox 759 615 880 696; x_wconf 89' lang='lat' dir='ltr'>quanto</span> <span class='ocrx_word' id='word_1_29' title='bbox 907 610 964 675; x_wconf 91' lang='lat' dir='ltr'>ille</span> <span class='ocrx_word' id='word_1_30' title='bbox 992 609 1056 674; x_wconf 84' lang='lat' dir='ltr'>sibi</span> <span class='ocrx_word' id='word_1_31' title='bbox 1084 615 1170 676; x_wconf 90' lang='lat' dir='ltr'>esset</span> <span class='ocrx_word' id='word_1_32' title='bbox 1198 626 1327 676; x_wconf 88' lang='lat' dir='ltr'>orna-1</span> 
     </span>
     <span class='ocr_line' id='line_1_6' title="bbox 114 697 1292 783; baseline 0.001 -20"><span class='ocrx_word' id='word_1_33' title='bbox 114 702 245 779; x_wconf 85' lang='lat' dir='ltr'>mento,</span> <span class='ocrx_word' id='word_1_34' title='bbox 272 698 429 783; x_wconf 87' lang='lat' dir='ltr'>fugiebat.</span> <span class='ocrx_word' id='word_1_35' title='bbox 476 698 546 775; x_wconf 83' lang='lat' dir='ltr'>Quo</span> <span class='ocrx_word' id='word_1_36' title='bbox 573 698 673 763; x_wconf 90' lang='lat' dir='ltr'>fiebat</span> <span class='ocrx_word' id='word_1_37' title='bbox 700 702 738 763; x_wconf 92' lang='lat' dir='ltr'>ut</span> <span class='ocrx_word' id='word_1_38' title='bbox 761 704 817 763; x_wconf 89' lang='lat' dir='ltr'>uni</span> <span class='ocrx_word' id='word_1_39' title='bbox 844 698 919 763; x_wconf 91' lang='lat' dir='ltr'>huic</span> <span class='ocrx_word' id='word_1_40' title='bbox 948 699 1087 763; x_wconf 81' lang='lat' dir='ltr'><strong>maxime</strong></span> <span class='ocrx_word' id='word_1_41' title='bbox 1110 697 1292 783; x_wconf 78' lang='lat' dir='ltr'>indulgeret</span> 
     </span>
     <span class='ocr_line' id='line_1_7' title="bbox 115 786 1329 873; baseline -0.001 -21"><span class='ocrx_word' id='word_1_42' title='bbox 115 810 223 873; x_wconf 90' lang='lat' dir='ltr'>neque</span> <span class='ocrx_word' id='word_1_43' title='bbox 244 810 316 853; x_wconf 89' lang='lat' dir='ltr'>eum</span> <span class='ocrx_word' id='word_1_44' title='bbox 336 809 427 851; x_wconf 88' lang='lat' dir='ltr'>secus</span> <span class='ocrx_word' id='word_1_45' title='bbox 446 787 597 871; x_wconf 75' lang='lat' dir='ltr'>diligeret</span> <span class='ocrx_word' id='word_1_46' title='bbox 616 809 653 852; x_wconf 91' lang='lat' dir='ltr'>ac</span> <span class='ocrx_word' id='word_1_47' title='bbox 668 788 780 852; x_wconf 88' lang='lat' dir='ltr'>filium.</span> <span class='ocrx_word' id='word_1_48' title='bbox 809 786 979 852; x_wconf 75' lang='lat' dir='ltr'>Platonem</span> <span class='ocrx_word' id='word_1_49' title='bbox 995 790 1102 852; x_wconf 88' lang='lat' dir='ltr'>autem</span> <span class='ocrx_word' id='word_1_50' title='bbox 1116 787 1292 853; x_wconf 75' lang='lat' dir='ltr'>Tarentum</span> <span class='ocrx_word' id='word_1_51' title='bbox 1313 803 1329 851; x_wconf 78' lang='lat'>2</span> 
     </span>
     <span class='ocr_line' id='line_1_8' title="bbox 115 873 1292 969; baseline -0.001 -27"><span class='ocrx_word' id='word_1_52' title='bbox 115 878 248 942; x_wconf 84' lang='lat' dir='ltr'>venisse</span> <span class='ocrx_word' id='word_1_53' title='bbox 266 876 356 941; x_wconf 90' lang='lat' dir='ltr'>fama</span> <span class='ocrx_word' id='word_1_54' title='bbox 369 876 404 939; x_wconf 93' lang='lat' dir='ltr'>in</span> <span class='ocrx_word' id='word_1_55' title='bbox 418 873 563 941; x_wconf 88' lang='lat' dir='ltr'>Siciliam</span> <span class='ocrx_word' id='word_1_56' title='bbox 581 875 717 969; x_wconf 85' lang='lat' dir='ltr'>perlata,</span> <span class='ocrx_word' id='word_1_57' title='bbox 731 898 804 940; x_wconf 87' lang='lat' dir='ltr'>cum</span> <span class='ocrx_word' id='word_1_58' title='bbox 819 874 905 940; x_wconf 90' lang='lat' dir='ltr'>Dion</span> <span class='ocrx_word' id='word_1_59' title='bbox 919 875 988 940; x_wconf 88' lang='lat' dir='ltr'>eius</span> <span class='ocrx_word' id='word_1_60' title='bbox 1006 876 1156 940; x_wconf 89' lang='lat' dir='ltr'>audiendi</span> <span class='ocrx_word' id='word_1_61' title='bbox 1171 877 1292 959; x_wconf 90' lang='lat' dir='ltr'>cupidi·</span> 
     </span>
     <span class='ocr_line' id='line_1_9' title="bbox 115 962 1290 1050; baseline 0 -21"><span class='ocrx_word' id='word_1_62' title='bbox 115 968 187 1030; x_wconf 87' lang='lat' dir='ltr'>tate</span> <span class='ocrx_word' id='word_1_63' title='bbox 206 966 370 1049; x_wconf 87' lang='lat' dir='ltr'>flagraret,</span> <span class='ocrx_word' id='word_1_64' title='bbox 387 987 428 1029; x_wconf 90' lang='lat' dir='ltr'>ne</span> <span class='ocrx_word' id='word_1_65' title='bbox 448 964 646 1029; x_wconf 77' lang='lat' dir='ltr'>adulescenti</span> <span class='ocrx_word' id='word_1_66' title='bbox 665 963 794 1047; x_wconf 89' lang='lat' dir='ltr'>quidem</span> <span class='ocrx_word' id='word_1_67' title='bbox 813 962 994 1049; x_wconf 81' lang='lat' dir='ltr'>potuerat⁹)</span> <span class='ocrx_word' id='word_1_68' title='bbox 1013 985 1142 1050; x_wconf 85' lang='lat' dir='ltr'>negare,</span> <span class='ocrx_word' id='word_1_69' title='bbox 1162 966 1290 1046; x_wconf 71' lang='lat' dir='ltr'>[aeae]</span> 
     </span>
     <span class='ocr_line' id='line_1_10' title="bbox 116 1051 1328 1137; baseline -0.002 -19"><span class='ocrx_word' id='word_1_70' title='bbox 116 1055 198 1137; x_wconf 89' lang='lat' dir='ltr'>quin</span> <span class='ocrx_word' id='word_1_71' title='bbox 226 1076 300 1118; x_wconf 90' lang='lat' dir='ltr'>eum</span> <span class='ocrx_word' id='word_1_72' title='bbox 328 1058 513 1118; x_wconf 77' lang='lat' dir='ltr'>arcesseret.</span> <span class='ocrx_word' id='word_1_73' title='bbox 559 1052 661 1129; x_wconf 83' lang='lat' dir='ltr'>Quem</span> <span class='ocrx_word' id='word_1_74' title='bbox 685 1051 773 1116; x_wconf 92' lang='lat' dir='ltr'>Dion</span> <span class='ocrx_word' id='word_1_75' title='bbox 800 1053 880 1117; x_wconf 85' lang='lat' dir='ltr'>adeo</span> <span class='ocrx_word' id='word_1_76' title='bbox 909 1052 1088 1117; x_wconf 87' lang='lat' dir='ltr'>admiratus</span> <span class='ocrx_word' id='word_1_77' title='bbox 1117 1056 1167 1118; x_wconf 87' lang='lat' dir='ltr'>est</span> <span class='ocrx_word' id='word_1_78' title='bbox 1195 1058 1328 1137; x_wconf 77' lang='lat' dir='ltr'>atquae</span> 
     </span>
     <span class='ocr_line' id='line_1_11' title="bbox 118 1140 1293 1225; baseline 0.001 -20"><span class='ocrx_word' id='word_1_79' title='bbox 118 1143 298 1221; x_wconf 88' lang='lat' dir='ltr'>adamavit,</span> <span class='ocrx_word' id='word_1_80' title='bbox 321 1145 358 1205; x_wconf 92' lang='lat' dir='ltr'>ut</span> <span class='ocrx_word' id='word_1_81' title='bbox 384 1144 491 1205; x_wconf 91' lang='lat' dir='ltr'>totum</span> <span class='ocrx_word' id='word_1_82' title='bbox 515 1163 549 1206; x_wconf 90' lang='lat' dir='ltr'>se</span> <span class='ocrx_word' id='word_1_83' title='bbox 573 1141 603 1204; x_wconf 91' lang='lat' dir='ltr'>ei</span> <span class='ocrx_word' id='word_1_84' title='bbox 628 1140 781 1205; x_wconf 87' lang='lat' dir='ltr'>traderet.</span> <span class='ocrx_word' id='word_1_85' title='bbox 826 1140 940 1225; x_wconf 85' lang='lat' dir='ltr'>Neque</span> <span class='ocrx_word' id='word_1_86' title='bbox 963 1161 1039 1206; x_wconf 82' lang='lat' dir='ltr'>vero</span> <span class='ocrx_word' id='word_1_87' title='bbox 1067 1142 1174 1205; x_wconf 90' lang='lat' dir='ltr'>minus</span> <span class='ocrx_word' id='word_1_88' title='bbox 1200 1141 1293 1206; x_wconf 88' lang='lat' dir='ltr'>Plato</span> 
     </span>
     <span class='ocr_line' id='line_1_12' title="bbox 118 1228 1292 1313; baseline -0.003 -18"><span class='ocrx_word' id='word_1_89' title='bbox 118 1230 301 1295; x_wconf 88' lang='lat' dir='ltr'>delectatus</span> <span class='ocrx_word' id='word_1_90' title='bbox 325 1232 375 1294; x_wconf 89' lang='lat' dir='ltr'>est</span> <span class='ocrx_word' id='word_1_91' title='bbox 397 1228 512 1294; x_wconf 90' lang='lat' dir='ltr'>Dione.</span> <span class='ocrx_word' id='word_1_92' title='bbox 557 1228 671 1313; x_wconf 91' lang='lat' dir='ltr'>Itaque</span> <span class='ocrx_word' id='word_1_93' title='bbox 696 1251 769 1293; x_wconf 92' lang='lat' dir='ltr'>cum</span> <span class='ocrx_word' id='word_1_94' title='bbox 793 1251 813 1293; x_wconf 89' lang='lat' dir='ltr'>a</span> <span class='ocrx_word' id='word_1_95' title='bbox 835 1233 974 1313; x_wconf 88' lang='lat' dir='ltr'>tyranno</span> <span class='ocrx_word' id='word_1_96' title='bbox 998 1228 1171 1293; x_wconf 85' lang='lat' dir='ltr'>crudeliter</span> <span class='ocrx_word' id='word_1_97' title='bbox 1193 1230 1292 1295; x_wconf 80' lang='lat' dir='ltr'>viola·</span> 
     </span>
     <span class='ocr_line' id='line_1_13' title="bbox 116 1314 1293 1403; baseline -0.001 -20"><span class='ocrx_word' id='word_1_98' title='bbox 116 1323 172 1384; x_wconf 88' lang='lat' dir='ltr'>tus</span> <span class='ocrx_word' id='word_1_99' title='bbox 197 1322 296 1402; x_wconf 86' lang='lat' dir='ltr'>esset,</span> <span class='ocrx_word' id='word_1_100' title='bbox 319 1318 437 1402; x_wconf 88' lang='lat' dir='ltr'>quippe</span> <span class='ocrx_word' id='word_1_101' title='bbox 462 1319 518 1402; x_wconf 93' lang='lat' dir='ltr'>qui</span> <span class='ocrx_word' id='word_1_102' title='bbox 541 1340 613 1382; x_wconf 90' lang='lat' dir='ltr'>eum</span> <span class='ocrx_word' id='word_1_103' title='bbox 636 1317 826 1382; x_wconf 84' lang='lat' dir='ltr'>venumdari</span> <span class='ocrx_word' id='word_1_104' title='bbox 850 1318 1014 1399; x_wconf 87' lang='lat' dir='ltr'>iussisset,</span> <span class='ocrx_word' id='word_1_105' title='bbox 1036 1320 1147 1382; x_wconf 89' lang='lat' dir='ltr'>tamen</span> <span class='ocrx_word' id='word_1_106' title='bbox 1170 1314 1293 1403; x_wconf 63' lang='lat' dir='ltr'>posim)</span> 
     </span>
    </p>
   </div>
   <div class='ocr_carea' id='block_1_3' title="bbox 12 1405 1330 1581">
    <p class='ocr_par' dir='ltr' id='par_1_4' title="bbox 12 1405 1330 1581">
     <span class='ocr_line' id='line_1_14' title="bbox 12 1405 1330 1490; baseline -0.005 -18"><span class='ocrx_word' id='word_1_107' title='bbox 12 1463 13 1482; x_wconf 45' lang='lat'><em>2</em></span> <span class='ocrx_word' id='word_1_108' title='bbox 120 1406 233 1472; x_wconf 88' lang='lat' dir='ltr'>eodem</span> <span class='ocrx_word' id='word_1_109' title='bbox 261 1407 359 1471; x_wconf 89' lang='lat' dir='ltr'>rediit</span> <span class='ocrx_word' id='word_1_110' title='bbox 386 1406 531 1471; x_wconf 90' lang='lat' dir='ltr'>eiusdem</span> <span class='ocrx_word' id='word_1_111' title='bbox 559 1405 673 1471; x_wconf 90' lang='lat' dir='ltr'>Dionis</span> <span class='ocrx_word' id='word_1_112' title='bbox 700 1405 850 1490; x_wconf 86' lang='lat' dir='ltr'>precibus</span> <span class='ocrx_word' id='word_1_113' title='bbox 883 1407 1048 1471; x_wconf 87' lang='lat' dir='ltr'>adductus.</span> <span class='ocrx_word' id='word_1_114' title='bbox 1093 1405 1227 1471; x_wconf 90' lang='lat' dir='ltr'>Interim</span> <span class='ocrx_word' id='word_1_115' title='bbox 1258 1406 1330 1470; x_wconf 72' lang='lat' dir='ltr'>ina</span> 
     </span>
     <span class='ocr_line' id='line_1_15' title="bbox 12 1491 1292 1581; baseline -0.003 -19"><span class='ocrx_word' id='word_1_116' title='bbox 12 1511 13 1562; x_wconf 78' lang='grc' dir='ltr'><em>ἲ</em></span> <span class='ocrx_word' id='word_1_117' title='bbox 116 1496 268 1560; x_wconf 90' lang='lat' dir='ltr'>morbum</span> <span class='ocrx_word' id='word_1_118' title='bbox 291 1494 406 1559; x_wconf 86' lang='lat' dir='ltr'>incidit</span> <span class='ocrx_word' id='word_1_119' title='bbox 424 1495 610 1579; x_wconf 89' lang='lat' dir='ltr'>Dionysius.</span> <span class='ocrx_word' id='word_1_120' title='bbox 648 1494 719 1571; x_wconf 80' lang='lat' dir='ltr'>Quo</span> <span class='ocrx_word' id='word_1_121' title='bbox 743 1516 817 1559; x_wconf 88' lang='lat' dir='ltr'>eum</span> <span class='ocrx_word' id='word_1_122' title='bbox 841 1495 934 1579; x_wconf 85' lang='lat' dir='ltr'>gravi</span> <span class='ocrx_word' id='word_1_123' title='bbox 942 1491 981 1581; x_wconf 83' lang='lat'>¹¹)</span> <span class='ocrx_word' id='word_1_124' title='bbox 1005 1495 1131 1559; x_wconf 88' lang='lat' dir='ltr'>conflic-</span> <span class='ocrx_word' id='word_1_125' title='bbox 1157 1497 1198 1575; x_wconf 89' lang='lat' dir='ltr'>[a.</span> <span class='ocrx_word' id='word_1_126' title='bbox 1213 1495 1292 1575; x_wconf 76' lang='lat'><strong>367]</strong></span> 
     </span>
    </p>
   </div>
   <div class='ocr_carea' id='block_1_4' title="bbox 116 1582 1330 2110">
    <p class='ocr_par' dir='ltr' id='par_1_5' title="bbox 116 1582 1330 2110">
     <span class='ocr_line' id='line_1_16' title="bbox 116 1582 1295 1669; baseline -0.003 -20"><span class='ocrx_word' id='word_1_127' title='bbox 116 1588 256 1665; x_wconf 81' lang='lat' dir='ltr'>teretur,</span> <span class='ocrx_word' id='word_1_128' title='bbox 280 1584 441 1669; x_wconf 84' lang='lat' dir='ltr'>quaesivit</span> <span class='ocrx_word' id='word_1_129' title='bbox 459 1606 479 1648; x_wconf 91' lang='lat' dir='ltr'>a</span> <span class='ocrx_word' id='word_1_130' title='bbox 497 1583 630 1648; x_wconf 89' lang='lat' dir='ltr'>medicis</span> <span class='ocrx_word' id='word_1_131' title='bbox 647 1582 747 1667; x_wconf 90' lang='lat' dir='ltr'>Dion,</span> <span class='ocrx_word' id='word_1_132' title='bbox 772 1605 868 1668; x_wconf 93' lang='lat' dir='ltr'>quem</span> <span class='ocrx_word' id='word_1_133' title='bbox 888 1582 929 1647; x_wconf 90' lang='lat' dir='ltr'>ad</span> <span class='ocrx_word' id='word_1_134' title='bbox 948 1583 1079 1648; x_wconf 90' lang='lat' dir='ltr'>modum</span> <span class='ocrx_word' id='word_1_135' title='bbox 1098 1605 1132 1646; x_wconf 89' lang='lat' dir='ltr'>se</span> <span class='ocrx_word' id='word_1_136' title='bbox 1151 1584 1295 1667; x_wconf 85' lang='lat' dir='ltr'>haberet,</span> 
     </span>
     <span class='ocr_line' id='line_1_17' title="bbox 120 1668 1294 1758; baseline -0.002 -21"><span class='ocrx_word' id='word_1_137' title='bbox 120 1673 281 1757; x_wconf 90' lang='lat' dir='ltr'>simulque</span> <span class='ocrx_word' id='word_1_138' title='bbox 305 1672 405 1736; x_wconf 88' lang='lat' dir='ltr'>abiis</span> <span class='ocrx_word' id='word_1_139' title='bbox 424 1674 529 1758; x_wconf 84' lang='lat' dir='ltr'>petiit,</span> <span class='ocrx_word' id='word_1_140' title='bbox 552 1671 579 1736; x_wconf 88' lang='lat' dir='ltr'>si</span> <span class='ocrx_word' id='word_1_141' title='bbox 598 1671 682 1735; x_wconf 84' lang='lat' dir='ltr'>forts</span> <span class='ocrx_word' id='word_1_142' title='bbox 702 1672 825 1735; x_wconf 88' lang='lat' dir='ltr'>maiore</span> <span class='ocrx_word' id='word_1_143' title='bbox 845 1675 930 1735; x_wconf 89' lang='lat' dir='ltr'>esset</span> <span class='ocrx_word' id='word_1_144' title='bbox 946 1671 1092 1755; x_wconf 90' lang='lat' dir='ltr'>periculo</span> <span class='ocrx_word' id='word_1_145' title='bbox 1100 1668 1149 1758; x_wconf 74' lang='lat'>1²),</span> <span class='ocrx_word' id='word_1_146' title='bbox 1173 1680 1209 1735; x_wconf 89' lang='lat' dir='ltr'>ut</span> <span class='ocrx_word' id='word_1_147' title='bbox 1229 1672 1294 1736; x_wconf 92' lang='lat' dir='ltr'>sibi</span> 
     </span>
     <span class='ocr_line' id='line_1_18' title="bbox 117 1759 1294 1844; baseline -0.002 -19"><span class='ocrx_word' id='word_1_148' title='bbox 117 1760 313 1826; x_wconf 86' lang='lat' dir='ltr'>faterentur:</span> <span class='ocrx_word' id='word_1_149' title='bbox 336 1761 421 1824; x_wconf 82' lang='lat' dir='ltr'>velle</span> <span class='ocrx_word' id='word_1_150' title='bbox 444 1782 478 1826; x_wconf 89' lang='lat' dir='ltr'>se</span> <span class='ocrx_word' id='word_1_151' title='bbox 502 1783 574 1825; x_wconf 91' lang='lat' dir='ltr'>cum</span> <span class='ocrx_word' id='word_1_152' title='bbox 598 1782 635 1825; x_wconf 87' lang='lat' dir='ltr'>eo</span> <span class='ocrx_word' id='word_1_153' title='bbox 655 1760 795 1844; x_wconf 87' lang='lat' dir='ltr'>eolloqui</span> <span class='ocrx_word' id='word_1_154' title='bbox 814 1759 852 1824; x_wconf 92' lang='lat' dir='ltr'>de</span> <span class='ocrx_word' id='word_1_155' title='bbox 871 1759 1041 1844; x_wconf 87' lang='lat' dir='ltr'>partiendo</span> <span class='ocrx_word' id='word_1_156' title='bbox 1061 1780 1171 1843; x_wconf 86' lang='lat' dir='ltr'>regno.</span> <span class='ocrx_word' id='word_1_157' title='bbox 1207 1759 1294 1825; x_wconf 90' lang='lat' dir='ltr'>Nam</span> 
     </span>
     <span class='ocr_line' id='line_1_19' title="bbox 119 1848 1295 1933; baseline -0.003 -19"><span class='ocrx_word' id='word_1_158' title='bbox 119 1850 242 1915; x_wconf 90' lang='lat' dir='ltr'>sororis</span> <span class='ocrx_word' id='word_1_159' title='bbox 266 1871 342 1913; x_wconf 89' lang='lat' dir='ltr'>suae</span> <span class='ocrx_word' id='word_1_160' title='bbox 365 1849 450 1914; x_wconf 89' lang='lat' dir='ltr'>filios</span> <span class='ocrx_word' id='word_1_161' title='bbox 474 1872 513 1913; x_wconf 83' lang='lat' dir='ltr'>ex</span> <span class='ocrx_word' id='word_1_162' title='bbox 535 1849 594 1914; x_wconf 90' lang='lat' dir='ltr'>illo</span> <span class='ocrx_word' id='word_1_163' title='bbox 622 1851 718 1914; x_wconf 88' lang='lat' dir='ltr'>natos</span> <span class='ocrx_word' id='word_1_164' title='bbox 741 1852 869 1932; x_wconf 88' lang='lat' dir='ltr'>partem</span> <span class='ocrx_word' id='word_1_165' title='bbox 891 1848 1012 1912; x_wconf 86' lang='lat' dir='ltr'>hebere</span> <span class='ocrx_word' id='word_1_166' title='bbox 1041 1849 1134 1933; x_wconf 90' lang='lat' dir='ltr'>regni</span> <span class='ocrx_word' id='word_1_167' title='bbox 1156 1848 1295 1932; x_wconf 89' lang='lat' dir='ltr'>putabat</span> 
     </span>
     <span class='ocr_line' id='line_1_20' title="bbox 119 1935 1330 2022; baseline -0.006 -19"><span class='ocrx_word' id='word_1_168' title='bbox 119 1942 281 2022; x_wconf 88' lang='lat' dir='ltr'>oportere.</span> <span class='ocrx_word' id='word_1_169' title='bbox 325 1936 363 2000; x_wconf 91' lang='lat' dir='ltr'>Id</span> <span class='ocrx_word' id='word_1_170' title='bbox 392 1938 507 2002; x_wconf 89' lang='lat' dir='ltr'>medici</span> <span class='ocrx_word' id='word_1_171' title='bbox 534 1959 599 2000; x_wconf 91' lang='lat' dir='ltr'>non</span> <span class='ocrx_word' id='word_1_172' title='bbox 627 1940 799 2001; x_wconf 88' lang='lat' dir='ltr'>tacuerunt</span> <span class='ocrx_word' id='word_1_173' title='bbox 832 1942 864 2001; x_wconf 92' lang='lat' dir='ltr'>et</span> <span class='ocrx_word' id='word_1_174' title='bbox 895 1936 936 2001; x_wconf 89' lang='lat' dir='ltr'>ad</span> <span class='ocrx_word' id='word_1_175' title='bbox 964 1935 1157 2020; x_wconf 91' lang='lat' dir='ltr'>Dionysium</span> <span class='ocrx_word' id='word_1_176' title='bbox 1189 1937 1330 2001; x_wconf 79' lang='lat' dir='ltr'>filinms</span> 
     </span>
     <span class='ocr_line' id='line_1_21' title="bbox 120 2024 1293 2110; baseline -0.001 -19"><span class='ocrx_word' id='word_1_177' title='bbox 120 2047 302 2091; x_wconf 89' lang='lat' dir='ltr'>sermonem</span> <span class='ocrx_word' id='word_1_178' title='bbox 326 2026 529 2090; x_wconf 88' lang='lat' dir='ltr'>rettulerunt.</span> <span class='ocrx_word' id='word_1_179' title='bbox 566 2024 636 2101; x_wconf 84' lang='lat' dir='ltr'>Quo</span> <span class='ocrx_word' id='word_1_180' title='bbox 659 2025 715 2089; x_wconf 90' lang='lat' dir='ltr'>ille</span> <span class='ocrx_word' id='word_1_181' title='bbox 739 2030 931 2110; x_wconf 83' lang='lat' dir='ltr'>commotus,</span> <span class='ocrx_word' id='word_1_182' title='bbox 952 2046 994 2088; x_wconf 92' lang='lat' dir='ltr'>ne</span> <span class='ocrx_word' id='word_1_183' title='bbox 1018 2025 1136 2109; x_wconf 88' lang='lat' dir='ltr'>agendi</span> <span class='ocrx_word' id='word_1_184' title='bbox 1158 2046 1231 2089; x_wconf 90' lang='lat' dir='ltr'>cum</span> <span class='ocrx_word' id='word_1_185' title='bbox 1255 2047 1293 2090; x_wconf 90' lang='lat' dir='ltr'>eo</span> 
     </span>
    </p>
   </div>
   <div class='ocr_carea' id='block_1_5' title="bbox 12 2111 1293 2298">
    <p class='ocr_par' dir='ltr' id='par_1_6' title="bbox 12 2111 1293 2298">
     <span class='ocr_line' id='line_1_22' title="bbox 12 2111 1293 2198; baseline -0.005 -14"><span class='ocrx_word' id='word_1_186' title='bbox 12 2179 14 2184; x_wconf 76' lang='grc'>,</span> <span class='ocrx_word' id='word_1_187' title='bbox 119 2118 206 2180; x_wconf 87' lang='lat' dir='ltr'>esset</span> <span class='ocrx_word' id='word_1_188' title='bbox 224 2114 325 2178; x_wconf 91' lang='lat' dir='ltr'>Dioni</span> <span class='ocrx_word' id='word_1_189' title='bbox 348 2117 505 2198; x_wconf 85' lang='lat' dir='ltr'>potestas,</span> <span class='ocrx_word' id='word_1_190' title='bbox 527 2114 614 2196; x_wconf 90' lang='lat' dir='ltr'>patri</span> <span class='ocrx_word' id='word_1_191' title='bbox 638 2134 790 2195; x_wconf 90' lang='lat' dir='ltr'>soporem</span> <span class='ocrx_word' id='word_1_192' title='bbox 814 2113 955 2178; x_wconf 88' lang='lat' dir='ltr'>medicos</span> <span class='ocrx_word' id='word_1_193' title='bbox 974 2113 1051 2177; x_wconf 88' lang='lat' dir='ltr'>dare</span> <span class='ocrx_word' id='word_1_194' title='bbox 1070 2114 1186 2197; x_wconf 89' lang='lat' dir='ltr'>co&#39;e&#39;git.</span> <span class='ocrx_word' id='word_1_195' title='bbox 1221 2111 1293 2179; x_wconf 86' lang='lat' dir='ltr'>Hoc</span> 
     </span>
     <span class='ocr_line' id='line_1_23' title="bbox 12 2198 998 2298; baseline -0.002 -30"><span class='ocrx_word' id='word_1_196' title='bbox 12 2281 14 2298; x_wconf 20' lang='grc' dir='ltr'>ᾖ</span> <span class='ocrx_word' id='word_1_197' title='bbox 119 2224 216 2287; x_wconf 86' lang='lat' dir='ltr'>aeger</span> <span class='ocrx_word' id='word_1_198' title='bbox 241 2209 371 2284; x_wconf 89' lang='lat' dir='ltr'>sumpto</span> <span class='ocrx_word' id='word_1_199' title='bbox 395 2203 519 2285; x_wconf 89' lang='lat' dir='ltr'>sopitus</span> <span class='ocrx_word' id='word_1_200' title='bbox 543 2202 629 2266; x_wconf 91' lang='lat' dir='ltr'>diem</span> <span class='ocrx_word' id='word_1_201' title='bbox 652 2202 733 2266; x_wconf 90' lang='lat' dir='ltr'>obiit</span> <span class='ocrx_word' id='word_1_202' title='bbox 757 2198 998 2287; x_wconf 61' lang='lat' dir='ltr'>supremumffi).</span> 
     </span>
    </p>
   </div>
   <div class='ocr_carea' id='block_1_6' title="bbox 120 2288 1326 2464">
    <p class='ocr_par' dir='ltr' id='par_1_7' title="bbox 120 2288 1326 2464">
     <span class='ocr_line' id='line_1_24' title="bbox 209 2288 1326 2374; baseline -0.004 -19"><span class='ocrx_word' id='word_1_203' title='bbox 209 2290 268 2355; x_wconf 90' lang='grc' dir='ltr'>ΠΙ.</span> <span class='ocrx_word' id='word_1_204' title='bbox 296 2289 368 2354; x_wconf 86' lang='lat' dir='ltr'>Hoc</span> <span class='ocrx_word' id='word_1_205' title='bbox 387 2291 515 2354; x_wconf 90' lang='lat' dir='ltr'>initium</span> <span class='ocrx_word' id='word_1_206' title='bbox 533 2288 598 2354; x_wconf 85' lang='lat' dir='ltr'>fuit</span> <span class='ocrx_word' id='word_1_207' title='bbox 611 2289 726 2355; x_wconf 91' lang='lat' dir='ltr'>Dionis</span> <span class='ocrx_word' id='word_1_208' title='bbox 746 2294 779 2354; x_wconf 88' lang='lat' dir='ltr'>et</span> <span class='ocrx_word' id='word_1_209' title='bbox 793 2289 944 2374; x_wconf 82' lang='lat' dir='ltr'>Dionysii</span> <span class='ocrx_word' id='word_1_210' title='bbox 962 2290 1094 2354; x_wconf 86' lang='lat' dir='ltr'>minoris</span> <span class='ocrx_word' id='word_1_211' title='bbox 1115 2289 1289 2353; x_wconf 87' lang='lat' dir='ltr'>simultatis</span> <span class='ocrx_word' id='word_1_212' title='bbox 1312 2302 1326 2350; x_wconf 93' lang='lat'>1</span> 
     </span>
     <span class='ocr_line' id='line_1_25' title="bbox 120 2376 1292 2464; baseline -0.003 -20"><span class='ocrx_word' id='word_1_213' title='bbox 120 2402 221 2464; x_wconf 90' lang='lat' dir='ltr'>eaque</span> <span class='ocrx_word' id='word_1_214' title='bbox 245 2379 356 2443; x_wconf 88' lang='lat' dir='ltr'>multis</span> <span class='ocrx_word' id='word_1_215' title='bbox 385 2380 481 2443; x_wconf 91' lang='lat' dir='ltr'>rebus</span> <span class='ocrx_word' id='word_1_216' title='bbox 506 2382 601 2443; x_wconf 88' lang='lat' dir='ltr'>aucta</span> <span class='ocrx_word' id='word_1_217' title='bbox 625 2382 682 2443; x_wconf 88' lang='lat' dir='ltr'>est.</span> <span class='ocrx_word' id='word_1_218' title='bbox 728 2376 791 2442; x_wconf 86' lang='lat' dir='ltr'>Sed</span> <span class='ocrx_word' id='word_1_219' title='bbox 813 2382 923 2443; x_wconf 87' lang='lat' dir='ltr'>tamen</span> <span class='ocrx_word' id='word_1_220' title='bbox 952 2378 1067 2463; x_wconf 88' lang='lat' dir='ltr'>primis</span> <span class='ocrx_word' id='word_1_221' title='bbox 1090 2378 1292 2461; x_wconf 87' lang='lat' dir='ltr'>temporibus</span> 
     </span>
    </p>
   </div>
   <div class='ocr_carea' id='block_1_7' title="bbox 12 2464 1293 2639">
    <p class='ocr_par' dir='ltr' id='par_1_8' title="bbox 12 2464 1293 2658">
     <span class='ocr_line' id='line_1_26' title="bbox 12 2464 1293 2552; baseline -0.003 -19"><span class='ocrx_word' id='word_1_222' title='bbox 12 2487 14 2508; x_wconf 60' lang='grc'>1</span> <span class='ocrx_word' id='word_1_223' title='bbox 120 2467 321 2552; x_wconf 90' lang='lat' dir='ltr'>aliquamdiu</span> <span class='ocrx_word' id='word_1_224' title='bbox 346 2467 499 2531; x_wconf 88' lang='lat' dir='ltr'>simulata</span> <span class='ocrx_word' id='word_1_225' title='bbox 520 2467 607 2532; x_wconf 87' lang='lat' dir='ltr'>inter</span> <span class='ocrx_word' id='word_1_226' title='bbox 628 2489 683 2531; x_wconf 92' lang='lat' dir='ltr'>eos</span> <span class='ocrx_word' id='word_1_227' title='bbox 708 2467 853 2535; x_wconf 88' lang='lat' dir='ltr'>amicitia</span> <span class='ocrx_word' id='word_1_228' title='bbox 876 2467 1005 2530; x_wconf 90' lang='lat' dir='ltr'>mansit.</span> <span class='ocrx_word' id='word_1_229' title='bbox 1042 2464 1187 2550; x_wconf 78' lang='lat' dir='ltr'>Cumque</span> <span class='ocrx_word' id='word_1_230' title='bbox 1206 2465 1293 2530; x_wconf 91' lang='lat' dir='ltr'>Dion</span> 
     </span>
     <span class='ocr_line' id='line_1_27' title="bbox 118 2554 1293 2639; baseline -0.002 -18.248"><span class='ocrx_word' id='word_1_231' title='bbox 118 2578 185 2621; x_wconf 88' lang='lat' dir='ltr'>non</span> <span class='ocrx_word' id='word_1_232' title='bbox 210 2556 382 2620; x_wconf 87' lang='lat' dir='ltr'>desisteret</span> <span class='ocrx_word' id='word_1_233' title='bbox 406 2555 573 2619; x_wconf 88' lang='lat' dir='ltr'>obsecrare</span> <span class='ocrx_word' id='word_1_234' title='bbox 597 2554 806 2639; x_wconf 89' lang='lat' dir='ltr'>Dionysium,</span> <span class='ocrx_word' id='word_1_235' title='bbox 830 2559 867 2619; x_wconf 90' lang='lat' dir='ltr'>ut</span> <span class='ocrx_word' id='word_1_236' title='bbox 889 2555 1056 2620; x_wconf 85' lang='lat' dir='ltr'>Platonem</span> <span class='ocrx_word' id='word_1_237' title='bbox 1080 2555 1220 2619; x_wconf 82' lang='lat' dir='ltr'>Athenis</span> <span class='ocrx_word' id='word_1_238' title='bbox 1244 2576 1293 2619; x_wconf 91' lang='lat' dir='ltr'>ar·</span> 
     </span>
    </p>
   </div>
   <div class='ocr_carea' id='block_1_8' title="bbox 95 2643 1293 2818">
    <p class='ocr_par' dir='ltr' id='par_1_9' title="bbox 95 2643 1293 2818">
     <span class='ocr_line' id='line_1_28' title="bbox 95 2643 1293 2733; baseline -0.003 -23"><span class='ocrx_word' id='word_1_239' title='bbox 95 2648 261 2710; x_wconf 85' lang='lat' dir='ltr'>cessaret</span> <span class='ocrx_word' id='word_1_240' title='bbox 283 2648 316 2707; x_wconf 91' lang='lat' dir='ltr'>et</span> <span class='ocrx_word' id='word_1_241' title='bbox 339 2643 407 2708; x_wconf 87' lang='lat' dir='ltr'>eius</span> <span class='ocrx_word' id='word_1_242' title='bbox 430 2643 574 2709; x_wconf 90' lang='lat' dir='ltr'>consiliis</span> <span class='ocrx_word' id='word_1_243' title='bbox 598 2647 751 2727; x_wconf 87' lang='lat' dir='ltr'>uteretur,</span> <span class='ocrx_word' id='word_1_244' title='bbox 774 2644 845 2727; x_wconf 85' lang='lat' dir='ltr'>ille,</span> <span class='ocrx_word' id='word_1_245' title='bbox 868 2644 981 2727; x_wconf 89' lang='lat' dir='ltr'>quiin</span> <span class='ocrx_word' id='word_1_246' title='bbox 1004 2643 1114 2733; x_wconf 88' lang='lat' dir='ltr'>aliqua</span> <span class='ocrx_word' id='word_1_247' title='bbox 1137 2664 1171 2707; x_wconf 90' lang='lat' dir='ltr'>re</span> <span class='ocrx_word' id='word_1_248' title='bbox 1194 2643 1293 2707; x_wconf 82' lang='lat' dir='ltr'>vellet</span> 
     </span>
     <span class='ocr_line' id='line_1_29' title="bbox 117 2731 1293 2818; baseline -0.002 -21"><span class='ocrx_word' id='word_1_249' title='bbox 117 2738 247 2818; x_wconf 89' lang='lat' dir='ltr'>patrem</span> <span class='ocrx_word' id='word_1_250' title='bbox 266 2731 398 2816; x_wconf 85' lang='lat' dir='ltr'>imitari,</span> <span class='ocrx_word' id='word_1_251' title='bbox 418 2754 539 2796; x_wconf 90' lang='lat' dir='ltr'>morem</span> <span class='ocrx_word' id='word_1_252' title='bbox 554 2733 583 2795; x_wconf 94' lang='lat' dir='ltr'>ei</span> <span class='ocrx_word' id='word_1_253' title='bbox 602 2732 704 2816; x_wconf 88' lang='lat' dir='ltr'>gessit</span> <span class='ocrx_word' id='word_1_254' title='bbox 723 2752 905 2816; x_wconf 89' lang='lat' dir='ltr'>magnaque</span> <span class='ocrx_word' id='word_1_255' title='bbox 920 2733 1012 2796; x_wconf 91' lang='lat' dir='ltr'>illum</span> <span class='ocrx_word' id='word_1_256' title='bbox 1028 2754 1101 2796; x_wconf 89' lang='lat' dir='ltr'>oum</span> <span class='ocrx_word' id='word_1_257' title='bbox 1116 2732 1293 2796; x_wconf 89' lang='lat' dir='ltr'>ambitione</span> 
     </span>
    </p>
   </div>
   <div class='ocr_carea' id='block_1_9' title="bbox 12 2818 1328 3348">
    <p class='ocr_par' dir='ltr' id='par_1_10' title="bbox 12 2818 1328 3348">
     <span class='ocr_line' id='line_1_30' title="bbox 12 2818 1328 2907; baseline -0.005 -20"><span class='ocrx_word' id='word_1_258' title='bbox 12 2877 13 2886; x_wconf 71' lang='grc'>,</span> <span class='ocrx_word' id='word_1_259' title='bbox 118 2820 296 2907; x_wconf 79' lang='lat' dir='ltr'>Syracusas</span> <span class='ocrx_word' id='word_1_260' title='bbox 320 2821 477 2904; x_wconf 86' lang='lat' dir='ltr'>perduxit.</span> <span class='ocrx_word' id='word_1_261' title='bbox 525 2818 587 2885; x_wconf 89' lang='lat' dir='ltr'>Sed</span> <span class='ocrx_word' id='word_1_262' title='bbox 611 2820 724 2885; x_wconf 87' lang='lat' dir='ltr'>eodem</span> <span class='ocrx_word' id='word_1_263' title='bbox 747 2824 892 2904; x_wconf 88' lang='lat' dir='ltr'>tempore</span> <span class='ocrx_word' id='word_1_264' title='bbox 916 2819 1138 2906; x_wconf 75' lang='lat' dir='ltr'>Philistum1⁴)</span> <span class='ocrx_word' id='word_1_265' title='bbox 1161 2820 1328 2885; x_wconf 75' lang='lat' dir='ltr'>historia</span> 
     </span>
     <span class='ocr_line' id='line_1_31' title="bbox 12 2901 1293 2993; baseline -0.001 -18"><span class='ocrx_word' id='word_1_266' title='bbox 12 2901 14 2912; x_wconf 51' lang='lat'><em>&#39;</em></span> <span class='ocrx_word' id='word_1_267' title='bbox 119 2932 193 2975; x_wconf 90' lang='lat' dir='ltr'>cum</span> <span class='ocrx_word' id='word_1_268' title='bbox 222 2906 401 2992; x_wconf 79' lang='lat' dir='ltr'>Syracusas</span> <span class='ocrx_word' id='word_1_269' title='bbox 415 2951 417 2956; x_wconf 83' lang='lat'><em>.</em></span> <span class='ocrx_word' id='word_1_270' title='bbox 431 2908 571 2987; x_wconf 84' lang='lat' dir='ltr'>reduxit,</span> <span class='ocrx_word' id='word_1_271' title='bbox 598 2909 763 2973; x_wconf 89' lang='lat' dir='ltr'>hominem</span> <span class='ocrx_word' id='word_1_272' title='bbox 791 2910 931 2973; x_wconf 90' lang='lat' dir='ltr'>amicum</span> <span class='ocrx_word' id='word_1_273' title='bbox 957 2931 1024 2974; x_wconf 94' lang='lat' dir='ltr'>non</span> <span class='ocrx_word' id='word_1_274' title='bbox 1052 2914 1121 2973; x_wconf 89' lang='lat' dir='ltr'>tam</span> <span class='ocrx_word' id='word_1_275' title='bbox 1151 2913 1293 2993; x_wconf 86' lang='lat' dir='ltr'>tyranno</span> 
     </span>
     <span class='ocr_line' id='line_1_32' title="bbox 119 2994 1294 3082; baseline -0.003 -19"><span class='ocrx_word' id='word_1_276' title='bbox 119 3020 217 3082; x_wconf 91' lang='lat' dir='ltr'>quam</span> <span class='ocrx_word' id='word_1_277' title='bbox 240 2994 446 3082; x_wconf 83' lang='lat' dir='ltr'>tyrannis¹⁵)‚</span> <span class='ocrx_word' id='word_1_278' title='bbox 471 2996 594 3081; x_wconf 92' lang='lat' dir='ltr'>dequo</span> <span class='ocrx_word' id='word_1_279' title='bbox 617 2997 651 3060; x_wconf 91' lang='lat' dir='ltr'>in</span> <span class='ocrx_word' id='word_1_280' title='bbox 675 3018 712 3061; x_wconf 91' lang='lat' dir='ltr'>eo</span> <span class='ocrx_word' id='word_1_281' title='bbox 737 2997 819 3060; x_wconf 89' lang='lat' dir='ltr'>libro</span> <span class='ocrx_word' id='word_1_282' title='bbox 842 2997 938 3080; x_wconf 88' lang='lat' dir='ltr'>plura</span> <span class='ocrx_word' id='word_1_283' title='bbox 962 3002 1038 3061; x_wconf 90' lang='lat' dir='ltr'>sunt</span> <span class='ocrx_word' id='word_1_284' title='bbox 1062 2999 1218 3081; x_wconf 85' lang='lat' dir='ltr'>exposita,</span> <span class='ocrx_word' id='word_1_285' title='bbox 1238 2999 1294 3081; x_wconf 91' lang='lat' dir='ltr'>qui</span> 
     </span>
     <span class='ocr_line' id='line_1_33' title="bbox 12 3082 1328 3171; baseline -0.001 -21"><span class='ocrx_word' id='word_1_286' title='bbox 12 3087 13 3166; x_wconf 60' lang='lat' dir='ltr'><strong>f</strong></span> <span class='ocrx_word' id='word_1_287' title='bbox 119 3088 157 3150; x_wconf 89' lang='lat' dir='ltr'>de</span> <span class='ocrx_word' id='word_1_288' title='bbox 190 3086 355 3151; x_wconf 90' lang='lat' dir='ltr'>historicis</span> <span class='ocrx_word' id='word_1_289' title='bbox 386 3084 518 3150; x_wconf 81' lang='lat' dir='ltr'>Graecis</span> <span class='ocrx_word' id='word_1_290' title='bbox 551 3084 754 3168; x_wconf 80' lang='lat' dir='ltr'>conscriptus</span> <span class='ocrx_word' id='word_1_291' title='bbox 787 3091 836 3148; x_wconf 89' lang='lat' dir='ltr'>est</span> <span class='ocrx_word' id='word_1_292' title='bbox 847 3082 895 3171; x_wconf 86' lang='grc'>16).</span> <span class='ocrx_word' id='word_1_293' title='bbox 944 3084 1060 3169; x_wconf 87' lang='lat' dir='ltr'>Itaque</span> <span class='ocrx_word' id='word_1_294' title='bbox 1093 3107 1165 3156; x_wconf 87' lang='lat' dir='ltr'>enm</span> <span class='ocrx_word' id='word_1_295' title='bbox 1198 3085 1328 3149; x_wconf 79' lang='lat' dir='ltr'>Platea</span> 
     </span>
     <span class='ocr_line' id='line_1_34' title="bbox 12 3173 1294 3257; baseline -0.001 -18"><span class='ocrx_word' id='word_1_296' title='bbox 12 3177 13 3202; x_wconf 49' lang='lat' dir='ltr'>l</span> <span class='ocrx_word' id='word_1_297' title='bbox 119 3178 249 3239; x_wconf 87' lang='lat' dir='ltr'>tantum</span> <span class='ocrx_word' id='word_1_298' title='bbox 273 3175 358 3257; x_wconf 85' lang='lat' dir='ltr'>apud</span> <span class='ocrx_word' id='word_1_299' title='bbox 380 3173 573 3257; x_wconf 90' lang='lat' dir='ltr'>Dionysium</span> <span class='ocrx_word' id='word_1_300' title='bbox 597 3173 789 3237; x_wconf 88' lang='lat' dir='ltr'>auctoritate</span> <span class='ocrx_word' id='word_1_301' title='bbox 812 3176 937 3256; x_wconf 86' lang='lat' dir='ltr'>posset,</span> <span class='ocrx_word' id='word_1_302' title='bbox 959 3177 996 3236; x_wconf 91' lang='lat' dir='ltr'>ut</span> <span class='ocrx_word' id='word_1_303' title='bbox 1019 3173 1049 3236; x_wconf 92' lang='lat' dir='ltr'>ei</span> <span class='ocrx_word' id='word_1_304' title='bbox 1076 3174 1294 3257; x_wconf 82' lang='lat' dir='ltr'>persuaderet,</span> 
     </span>
     <span class='ocr_line' id='line_1_35' title="bbox 119 3257 1294 3348; baseline -0.001 -21"><span class='ocrx_word' id='word_1_305' title='bbox 119 3268 156 3328; x_wconf 94' lang='lat' dir='ltr'>ut</span> <span class='ocrx_word' id='word_1_306' title='bbox 178 3262 362 3348; x_wconf 86' lang='lat' dir='ltr'>tyrannidis</span> <span class='ocrx_word' id='word_1_307' title='bbox 380 3262 501 3327; x_wconf 84' lang='lat' dir='ltr'>faceret</span> <span class='ocrx_word' id='word_1_308' title='bbox 518 3261 617 3325; x_wconf 92' lang='lat' dir='ltr'>finem</span> <span class='ocrx_word' id='word_1_309' title='bbox 637 3260 885 3346; x_wconf 89' lang='lat' dir='ltr'>libertatemque</span> <span class='ocrx_word' id='word_1_310' title='bbox 904 3257 1052 3325; x_wconf 88' lang='lat' dir='ltr'>redderet</span> <span class='ocrx_word' id='word_1_311' title='bbox 1072 3259 1294 3346; x_wconf 86' lang='lat' dir='ltr'>Syracusanis,</span> 
     </span>
    </p>
   </div>
   <div class='ocr_carea' id='block_1_10' title="bbox 122 3488 1297 4055">
    <p class='ocr_par' dir='ltr' id='par_1_11' title="bbox 122 3488 1297 4055">
     <span class='ocr_line' id='line_1_36' title="bbox 157 3488 1295 3560; baseline 0 -17"><span class='ocrx_word' id='word_1_312' title='bbox 157 3490 179 3560; x_wconf 72' lang='grc'>9)</span> <span class='ocrx_word' id='word_1_313' title='bbox 197 3489 255 3543; x_wconf 89' lang='lat' dir='ltr'>Das</span> <span class='ocrx_word' id='word_1_314' title='bbox 270 3488 459 3558; x_wconf 70' lang='lat' dir='ltr'>piusquamp„</span> <span class='ocrx_word' id='word_1_315' title='bbox 478 3488 543 3543; x_wconf 86' lang='lat' dir='ltr'>weil</span> <span class='ocrx_word' id='word_1_316' title='bbox 559 3489 622 3543; x_wconf 87' lang='lat' dir='ltr'>hier</span> <span class='ocrx_word' id='word_1_317' title='bbox 635 3488 682 3543; x_wconf 91' lang='lat' dir='ltr'>ein</span> <span class='ocrx_word' id='word_1_318' title='bbox 735 3488 772 3544; x_wconf 84' lang='lat' dir='ltr'>So</span> <span class='ocrx_word' id='word_1_319' title='bbox 797 3488 892 3559; x_wconf 84' lang='lat' dir='ltr'>gleieb</span> <span class='ocrx_word' id='word_1_320' title='bbox 917 3488 1041 3543; x_wconf 87' lang='lat' dir='ltr'>naehber</span> <span class='ocrx_word' id='word_1_321' title='bbox 1066 3491 1115 3545; x_wconf 88' lang='lat' dir='ltr'>der</span> <span class='ocrx_word' id='word_1_322' title='bbox 1143 3488 1295 3544; x_wconf 83' lang='lat' dir='ltr'>Gebrauch</span> 
     </span>
     <span class='ocr_line' id='line_1_37' title="bbox 122 3558 1064 3629; baseline 0 -15"><span class='ocrx_word' id='word_1_323' title='bbox 122 3560 339 3629; x_wconf 73' lang='lat' dir='ltr'>zurtielrgreifen</span> <span class='ocrx_word' id='word_1_324' title='bbox 353 3559 382 3613; x_wconf 90' lang='lat' dir='ltr'>in</span> <span class='ocrx_word' id='word_1_325' title='bbox 396 3561 447 3613; x_wconf 87' lang='lat' dir='ltr'>das</span> <span class='ocrx_word' id='word_1_326' title='bbox 458 3558 682 3629; x_wconf 80' lang='lat' dir='ltr'>Jfinglingsalter</span> <span class='ocrx_word' id='word_1_327' title='bbox 735 3576 790 3614; x_wconf 87' lang='lat' dir='ltr'>von</span> <span class='ocrx_word' id='word_1_328' title='bbox 809 3576 892 3629; x_wconf 87' lang='lat' dir='ltr'>sopor</span> <span class='ocrx_word' id='word_1_329' title='bbox 911 3567 926 3626; x_wconf 66' lang='grc' dir='ltr'><strong>ς</strong></span> <span class='ocrx_word' id='word_1_330' title='bbox 945 3566 968 3616; x_wconf 75' lang='lat' dir='ltr'>a.</span> <span class='ocrx_word' id='word_1_331' title='bbox 1060 3587 1064 3594; x_wconf 93' lang='lat'><strong>·</strong></span> 
     </span>
     <span class='ocr_line' id='line_1_38' title="bbox 124 3630 1136 3699; baseline 0.003 -16"><span class='ocrx_word' id='word_1_332' title='bbox 124 3631 171 3686; x_wconf 86' lang='lat' dir='ltr'>des</span> <span class='ocrx_word' id='word_1_333' title='bbox 186 3631 260 3685; x_wconf 90' lang='lat' dir='ltr'>Dion</span> <span class='ocrx_word' id='word_1_334' title='bbox 275 3630 444 3686; x_wconf 86' lang='lat' dir='ltr'>stattfindet.</span> <span class='ocrx_word' id='word_1_335' title='bbox 462 3631 518 3684; x_wconf 84' lang='lat' dir='ltr'>Das</span> <span class='ocrx_word' id='word_1_336' title='bbox 532 3630 561 3685; x_wconf 91' lang='lat' dir='ltr'>in</span> <span class='ocrx_word' id='word_1_337' title='bbox 575 3633 596 3699; x_wconf 88' lang='lat'>1,</span> <span class='ocrx_word' id='word_1_338' title='bbox 611 3636 681 3686; x_wconf 84' lang='lat'>3-5</span> <span class='ocrx_word' id='word_1_339' title='bbox 774 3630 807 3698; x_wconf 77' lang='lat'>¹²)</span> <span class='ocrx_word' id='word_1_340' title='bbox 825 3631 907 3687; x_wconf 88' lang='lat' dir='ltr'>Anm.</span> <span class='ocrx_word' id='word_1_341' title='bbox 927 3650 961 3685; x_wconf 86' lang='lat' dir='ltr'>zu</span> <span class='ocrx_word' id='word_1_342' title='bbox 979 3632 1042 3687; x_wconf 85' lang='lat' dir='ltr'>Dat.</span> <span class='ocrx_word' id='word_1_343' title='bbox 1062 3632 1096 3697; x_wconf 81' lang='lat' dir='ltr'>V,</span> <span class='ocrx_word' id='word_1_344' title='bbox 1111 3639 1136 3686; x_wconf 90' lang='grc'>3.</span> 
     </span>
     <span class='ocr_line' id='line_1_39' title="bbox 122 3699 1296 3771; baseline 0.001 -17"><span class='ocrx_word' id='word_1_345' title='bbox 122 3699 251 3756; x_wconf 77' lang='lat' dir='ltr'>Erztthlte</span> <span class='ocrx_word' id='word_1_346' title='bbox 265 3700 342 3757; x_wconf 82' lang='lat' dir='ltr'>kann</span> <span class='ocrx_word' id='word_1_347' title='bbox 355 3717 482 3756; x_wconf 79' lang='lat' dir='ltr'>nurrom</span> <span class='ocrx_word' id='word_1_348' title='bbox 492 3700 682 3757; x_wconf 88' lang='lat' dir='ltr'>Mannesalter</span> <span class='ocrx_word' id='word_1_349' title='bbox 775 3701 808 3771; x_wconf 78' lang='lat'>¹⁸)</span> <span class='ocrx_word' id='word_1_350' title='bbox 831 3702 900 3757; x_wconf 84' lang='lat' dir='ltr'>Eine</span> <span class='ocrx_word' id='word_1_351' title='bbox 928 3701 1060 3756; x_wconf 71' lang='lat' dir='ltr'>thuliohe</span> <span class='ocrx_word' id='word_1_352' title='bbox 1083 3701 1220 3756; x_wconf 83' lang='lat' dir='ltr'>Todesart</span> <span class='ocrx_word' id='word_1_353' title='bbox 1246 3701 1296 3755; x_wconf 90' lang='lat' dir='ltr'>des</span> 
     </span>
     <span class='ocr_line' id='line_1_40' title="bbox 122 3771 1295 3856; baseline -0.002 -29"><span class='ocrx_word' id='word_1_354' title='bbox 122 3773 226 3841; x_wconf 83' lang='lat' dir='ltr'>gelten.</span> <span class='ocrx_word' id='word_1_355' title='bbox 734 3772 896 3856; x_wconf 76' lang='lat' dir='ltr'>Dionysius,</span> <span class='ocrx_word' id='word_1_356' title='bbox 914 3771 962 3829; x_wconf 86' lang='lat' dir='ltr'>bei</span> <span class='ocrx_word' id='word_1_357' title='bbox 981 3773 1029 3827; x_wconf 87' lang='lat' dir='ltr'>der</span> <span class='ocrx_word' id='word_1_358' title='bbox 1047 3773 1126 3827; x_wconf 90' lang='lat' dir='ltr'>indes</span> <span class='ocrx_word' id='word_1_359' title='bbox 1144 3773 1218 3827; x_wconf 88' lang='lat' dir='ltr'>Dion</span> <span class='ocrx_word' id='word_1_360' title='bbox 1232 3772 1295 3856; x_wconf 31' lang='lat' dir='ltr'>‘und</span> 
     </span>
     <span class='ocr_line' id='line_1_41' title="bbox 122 3842 1296 3970; baseline -0.001 -72"><span class='ocrx_word' id='word_1_361' title='bbox 122 3842 194 3965; x_wconf 57' lang='grc' dir='ltr'>ΠΝ)</span> <span class='ocrx_word' id='word_1_362' title='bbox 206 3843 279 3924; x_wconf 83' lang='lat' dir='ltr'>Kura</span> <span class='ocrx_word' id='word_1_363' title='bbox 290 3842 523 3969; x_wconf 54' lang='lat' dir='ltr'>nadhydeffiTide</span> <span class='ocrx_word' id='word_1_364' title='bbox 533 3844 581 3898; x_wconf 87' lang='lat' dir='ltr'>des</span> <span class='ocrx_word' id='word_1_365' title='bbox 591 3842 681 3898; x_wconf 78' lang='lat' dir='ltr'>tltern</span> <span class='ocrx_word' id='word_1_366' title='bbox 735 3846 885 3968; x_wconf 67' lang='lat' dir='ltr'>Diogysrus</span> <span class='ocrx_word' id='word_1_367' title='bbox 909 3843 959 3968; x_wconf 54' lang='lat' dir='ltr'>dgr</span> <span class='ocrx_word' id='word_1_368' title='bbox 977 3843 995 3897; x_wconf 88' lang='lat' dir='ltr'><strong>J</strong></span> <span class='ocrx_word' id='word_1_369' title='bbox 998 3850 1108 3968; x_wconf 56' lang='lat' dir='ltr'>qqurss</span> <span class='ocrx_word' id='word_1_370' title='bbox 1112 3843 1296 3970; x_wconf 36' lang='lat' dir='ltr'>dimitrii?</span> 
     </span>
     <span class='ocr_line' id='line_1_42' title="bbox 147 3929 1297 4055; baseline 0.001 -19"><span class='ocrx_word' id='word_1_371' title='bbox 147 3929 535 4053; x_wconf 49' lang='lat' dir='ltr'>titillationem</span> <span class='ocrx_word' id='word_1_372' title='bbox 555 3985 603 4039; x_wconf 73' lang='lat' dir='ltr'>aes</span> <span class='ocrx_word' id='word_1_373' title='bbox 619 3985 680 4053; x_wconf 82' lang='lat' dir='ltr'>nsj.</span> <span class='ocrx_word' id='word_1_374' title='bbox 736 3931 910 4055; x_wconf 55' lang='lat' dir='ltr'>eribffliiiil</span> <span class='ocrx_word' id='word_1_375' title='bbox 937 3931 1202 4054; x_wconf 52' lang='lat' dir='ltr'>{limbatas</span> <span class='ocrx_word' id='word_1_376' title='bbox 1225 3956 1297 4040; x_wconf 74' lang='lat' dir='ltr'>laci</span> 
     </span>
    </p>
   </div>
   <div class='ocr_carea' id='block_1_11' title="bbox 18 4054 1236 4125">
    <p class='ocr_par' dir='ltr' id='par_1_12' title="bbox 18 4054 1236 4125">
     <span class='ocr_line' id='line_1_43' title="bbox 18 4054 1236 4125; baseline 0.001 -17"><span class='ocrx_word' id='word_1_377' title='bbox 18 4055 22 4060; x_wconf 84' lang='grc'><em>“</em></span> <span class='ocrx_word' id='word_1_378' title='bbox 123 4056 192 4109; x_wconf 84' lang='lat' dir='ltr'>atatt</span> <span class='ocrx_word' id='word_1_379' title='bbox 210 4056 258 4110; x_wconf 89' lang='lat' dir='ltr'>des</span> <span class='ocrx_word' id='word_1_380' title='bbox 276 4054 349 4111; x_wconf 74' lang='grc' dir='ltr'>Λᾶν.</span> <span class='ocrx_word' id='word_1_381' title='bbox 380 4054 434 4110; x_wconf 89' lang='lat' dir='ltr'>Die</span> <span class='ocrx_word' id='word_1_382' title='bbox 451 4056 596 4124; x_wconf 88' lang='lat' dir='ltr'>poetisohe</span> <span class='ocrx_word' id='word_1_383' title='bbox 615 4054 680 4109; x_wconf 76' lang='lat' dir='ltr'>Far-</span> <span class='ocrx_word' id='word_1_384' title='bbox 735 4056 834 4111; x_wconf 84' lang='lat' dir='ltr'>Thurii</span> <span class='ocrx_word' id='word_1_385' title='bbox 852 4057 991 4111; x_wconf 86' lang='lat' dir='ltr'>verbannt</span> <span class='ocrx_word' id='word_1_386' title='bbox 1009 4054 1102 4125; x_wconf 76' lang='lat' dir='ltr'>(Diod,</span> <span class='ocrx_word' id='word_1_387' title='bbox 1120 4055 1181 4124; x_wconf 87' lang='lat' dir='ltr'>XV,</span> <span class='ocrx_word' id='word_1_388' title='bbox 1201 4058 1236 4124; x_wconf 76' lang='grc'>7),</span> 
     </span>
    </p>
   </div>
   <div class='ocr_carea' id='block_1_12' title="bbox 122 4124 1295 4409">
    <p class='ocr_par' dir='ltr' id='par_1_13' title="bbox 122 4124 1295 4409">
     <span class='ocr_line' id='line_1_44' title="bbox 122 4124 1295 4195; baseline 0.001 -17"><span class='ocrx_word' id='word_1_389' title='bbox 122 4124 198 4194; x_wconf 84' lang='lat' dir='ltr'>bung</span> <span class='ocrx_word' id='word_1_390' title='bbox 211 4126 291 4180; x_wconf 88' lang='lat' dir='ltr'>nicht</span> <span class='ocrx_word' id='word_1_391' title='bbox 304 4126 355 4180; x_wconf 88' lang='lat' dir='ltr'>der</span> <span class='ocrx_word' id='word_1_392' title='bbox 365 4126 547 4194; x_wconf 84' lang='lat' dir='ltr'>Darstellung</span> <span class='ocrx_word' id='word_1_393' title='bbox 560 4126 598 4179; x_wconf 92' lang='lat' dir='ltr'>im</span> <span class='ocrx_word' id='word_1_394' title='bbox 613 4143 682 4195; x_wconf 87' lang='lat' dir='ltr'>gan·</span> <span class='ocrx_word' id='word_1_395' title='bbox 774 4127 807 4195; x_wconf 79' lang='lat'>¹⁶)</span> <span class='ocrx_word' id='word_1_396' title='bbox 836 4128 892 4179; x_wconf 89' lang='lat' dir='ltr'>Der</span> <span class='ocrx_word' id='word_1_397' title='bbox 916 4125 1011 4179; x_wconf 87' lang='lat' dir='ltr'>Plural</span> <span class='ocrx_word' id='word_1_398' title='bbox 1040 4127 1088 4180; x_wconf 88' lang='lat' dir='ltr'>des</span> <span class='ocrx_word' id='word_1_399' title='bbox 1115 4126 1295 4181; x_wconf 77' lang='lat' dir='ltr'>Concretums</span> 
     </span>
     <span class='ocr_line' id='line_1_45' title="bbox 124 4195 1294 4283; baseline 0.002 -35"><span class='ocrx_word' id='word_1_400' title='bbox 124 4212 173 4249; x_wconf 82' lang='lat' dir='ltr'>zen</span> <span class='ocrx_word' id='word_1_401' title='bbox 195 4196 260 4266; x_wconf 87' lang='lat' dir='ltr'>(wie</span> <span class='ocrx_word' id='word_1_402' title='bbox 282 4196 330 4279; x_wconf 76' lang='lat' dir='ltr'>bei</span> <span class='ocrx_word' id='word_1_403' title='bbox 349 4197 470 4278; x_wconf 74' lang='lat' dir='ltr'>Livius),</span> <span class='ocrx_word' id='word_1_404' title='bbox 495 4197 614 4251; x_wconf 88' lang='lat' dir='ltr'>sondern</span> <span class='ocrx_word' id='word_1_405' title='bbox 632 4198 681 4251; x_wconf 89' lang='lat' dir='ltr'>des</span> <span class='ocrx_word' id='word_1_406' title='bbox 736 4199 812 4252; x_wconf 86' lang='lat' dir='ltr'>steht</span> <span class='ocrx_word' id='word_1_407' title='bbox 830 4198 875 4283; x_wconf 60' lang='lat' dir='ltr'>ffif</span> <span class='ocrx_word' id='word_1_408' title='bbox 889 4195 940 4249; x_wconf 85' lang='lat' dir='ltr'>das</span> <span class='ocrx_word' id='word_1_409' title='bbox 957 4195 1091 4279; x_wconf 75' lang='lat' dir='ltr'>deutsche</span> <span class='ocrx_word' id='word_1_410' title='bbox 1105 4196 1294 4251; x_wconf 86' lang='lat' dir='ltr'>Abstractum.</span> 
     </span>
     <span class='ocr_line' id='line_1_46' title="bbox 124 4266 1213 4409; baseline 0.003 -21"><span class='ocrx_word' id='word_1_411' title='bbox 124 4266 681 4409; x_wconf 53' lang='lat' dir='ltr'>tenerrimarumscillae</span> <span class='ocrx_word' id='word_1_412' title='bbox 735 4266 1072 4408; x_wconf 57' lang='lat' dir='ltr'>vataliter:</span> <span class='ocrx_word' id='word_1_413' title='bbox 1092 4273 1171 4393; x_wconf 70' lang='lat' dir='ltr'>a</span> <span class='ocrx_word' id='word_1_414' title='bbox 1189 4273 1213 4322; x_wconf 83' lang='grc'>1</span> 
     </span>
    </p>
   </div>
   <div class='ocr_carea' id='block_1_13' title="bbox 177 4431 1083 4489">
    <p class='ocr_par' dir='ltr' id='par_1_14' title="bbox 177 4431 1083 4489">
     <span class='ocr_line' id='line_1_47' title="bbox 177 4431 1083 4489; baseline 0.002 -14"><span class='ocrx_word' id='word_1_415' title='bbox 177 4436 308 4489; x_wconf 72' lang='lat' dir='ltr'>earnm,</span> <span class='ocrx_word' id='word_1_416' title='bbox 323 4435 443 4478; x_wconf 75' lang='lat' dir='ltr'>Cornelius</span> <span class='ocrx_word' id='word_1_417' title='bbox 456 4435 540 4486; x_wconf 78' lang='lat' dir='ltr'>Nepos.</span> <span class='ocrx_word' id='word_1_418' title='bbox 1067 4431 1083 4477; x_wconf 84' lang='lat'><strong>3</strong></span> 
     </span>
    </p>
   </div>
   <div class='ocr_carea' id='block_1_14' title="bbox 0 0 1497 4759">
    <p class='ocr_par' dir='ltr' id='par_1_15' title="bbox 0 0 1497 4759">
     <span class='ocr_line' id='line_1_48' title="bbox 0 0 1497 4759; baseline 0 0"><span class='ocrx_word' id='word_1_419' title='bbox 0 0 1497 4759; x_wconf 95' lang='lat' dir='ltr'> </span> 
     </span>
    </p>
   </div>
  </div>
 </body>
</html>
