2959 4759
176 173 219 238 82
549 173 635 229 XXII.
662 173 863 231 HANNIBAL.
886 181 911 230 9.
933 180 974 231 10.

141 334 304 402 allodem
331 335 508 421 Magonem
535 336 671 402 fratrem
699 336 827 402 excivit.
870 334 908 401 Id
938 337 996 402 ubi
1017 337 1120 402 Poeni
1143 338 1355 425 resciverunt,

177 423 351 510 Magonem
384 425 508 509 eadem,
539 448 603 511 qua
635 426 783 509 fratem,
815 426 984 490 absentem
1016 448 1123 511 poena
1156 426 1354 493 adfecerunt.

176 511 322 598 Cumque
352 514 402 578 illi
429 513 607 599 desperatis
634 515 730 579 rebus
759 514 932 579 solvissent
958 535 1056 580 naves
1086 537 1123 581 ac
1145 516 1217 581 vela
1243 517 1352 582 ventis

176 602 353 685 dedissent,
374 603 541 668 Hannibal
565 601 605 668 ad
628 601 830 668 Antiochum
851 603 1010 686 pervenit.
1053 602 1103 668 De
1125 603 1276 690 Magonis
1298 605 1351 670 in·

175 691 277 758 teritu
303 689 422 775 duplex
448 692 607 756 memoria
639 692 770 775 proditu
798 695 856 758 est.
906 690 1056 776 Namque
1087 693 1146 757 alii
1177 692 1352 777 naufragio

174 780 305 864 perisse,
329 781 387 845 alii
406 803 425 846 a
444 780 580 846 servolis
598 780 700 864 ipsius
718 780 927 845 interfectum
942 801 1018 854 ,eum
1037 781 1194 866 scriptum
1212 782 1351 867 relique·

138 865 309 956 amatu).
355 868 536 935 Antiochus
564 872 685 951 autem,
715 869 744 934 si
771 873 839 934 tam
868 869 903 933 in
932 869 1073 953 gerendo
1095 870 1182 935 bello
1205 872 1351 937 consiliis

176 978 246 1110 {pp
269 979 383 1060 parere
401 958 569 1111 VOthlrsset'
592 959 747 1133 qupmszn
758 956 973 1109 dsuscipiendo
996 958 1192 1111 instituerallt?
1214 960 1349 1112 propiuts

204 1067 288 1111 1er1
320 1068 418 1131 quam
501 1068 632 1131 ermopy
647 1069 675 1111 rs
780 1068 797 1111 e
829 1068 958 1112 summa
993 1068 1120 1131 1mpen1
1188 1069 1350 1113 mrccsse.

175 1133 278 1210 Quem
301 1135 469 1201 Hannibal
492 1135 556 1200 etsi
577 1136 681 1200 multa
704 1135 803 1200 stulte
826 1135 939 1200 conari
961 1135 1103 1219 videbat,
1124 1137 1236 1201 tamen
1257 1136 1350 1201 nulla

137 1240 153 1286 4
174 1223 209 1288 in
231 1245 267 1289 re
290 1224 439 1289 deseruit
476 1223 623 1289 Preefuit
645 1224 793 1304 navibus,
812 1246 892 1309 quas
912 1245 950 1289 ex
969 1221 1064 1307 Syria
1081 1225 1188 1289 iussus
1209 1226 1251 1305 [a.
1269 1225 1348 1307 190]

173 1316 245 1378 eret
266 1312 302 1377 in
324 1312 441 1377 Asiam
464 1312 593 1394 ducere,
619 1312 724 1397 iisque
747 1312 900 1378 adversus
923 1311 1123 1378 Rhodiorum
1152 1313 1290 1379 classem
1313 1316 1348 1379 in

170 1400 367 1485 Pamphylio
395 1401 479 1466 mari
506 1400 658 1466 conflixit.
704 1399 774 1476 Quo
802 1401 927 1485 proelio
954 1422 1027 1465 cum
1059 1406 1128 1466 arte
1155 1402 1266 1467 navah
1293 1403 1348 1467 ad·

170 1489 389 1591 versariorum
412 1490 463 1564 sui
481 1493 724 1575 superarentur,
742 1490 829 1573 ipse,
853 1511 916 1574 quo
940 1510 1040 1554 cornu
1063 1512 1131 1554 rem
1151 1490 1261 1575 gessit,
1282 1490 1349 1555 fuit

174 1600 212 1643 su
237 1598 329 1642 onor.

138 1683 151 1730 1
212 1600 234 1662 p
262 1664 319 1732 IX.
356 1665 520 1730 Antiocho
548 1662 712 1751 fugat0²⁶)
740 1687 855 1731 verens
882 1687 924 1731 ne
950 1666 1131 1750 dederetur,
1162 1667 1248 1752 quod
1275 1668 1349 1734 sine

175 1754 273 1820 dubio
302 1753 486 1838 accidisset,
514 1752 543 1818 si
570 1754 621 1819 sui
647 1752 778 1819 fecisset
805 1757 1017 1838 potestatem,
1047 1752 1177 1820 Cretam
1201 1756 1241 1820 ad
1265 1754 1347 1821 Gor-

173 1843 283 1928 tynios
311 1843 413 1926 venit,
439 1846 478 1907 ut
499 1841 559 1924 ibi,
588 1863 651 1927 quo
682 1864 717 1907 se
745 1842 919 1926 conferret,
946 1842 1172 1908 consideraret.
1202 1844 1243 1924 [a
1268 1845 1347 1928 189]

137 1947 153 1996 a
174 1931 267 1998 Vidit
290 1936 398 1997 autem
420 1931 470 1996 vir
493 1931 637 1996 omnium
665 1931 892 1997 callidissimus
917 1928 1085 2018 mugno²⁷)
1112 1954 1148 1997 se
1170 1932 1241 1998 fore
1262 1934 1349 2017 peri-

175 2022 262 2104 culo,
298 2020 363 2085 uisi
399 2018 475 2106 quid
511 2019 724 2104 providisset,
759 2019 892 2104 propter
929 2020 1102 2086 avaritiam
1134 2012 1350 2087 Cretensium.

173 2109 329 2195 Magnam
352 2109 439 2173 enim
458 2129 565 2173 secum
583 2109 754 2193 pecuniam
771 2108 935 2192 portabat,
956 2109 995 2173 de
1019 2130 1084 2193 qua
1102 2109 1225 2174 sciebat
1243 2111 1361 2176 exisse*

137 2199 306 2265 efamam.
356 2197 473 2281 Itaque
503 2195 592 2281 capit
622 2198 689 2264 tale
720 2197 900 2263 consilium.
946 2197 1132 2281 Amphoras
1164 2199 1348 2283 complures

175 2288 317 2373 complet
338 2287 486 2371 plumbo,
513 2307 656 2352 summas
680 2287 786 2370 operit
808 2307 886 2351 auro
916 2289 949 2350 et
972 2289 1116 2372 argento.
1160 2286 1232 2352 Has
1255 2309 1348 2372 prae·

174 2377 323 2442 sentibus
341 2374 542 2460 principibus
561 2375 596 2439 in
612 2375 735 2459 templo
754 2373 879 2439 Dianae
897 2375 1031 2459 deponit
1049 2396 1123 2440 sues
1142 2397 1176 2440 se
1195 2376 1347 2442 fortunas

172 2466 303 2530 illorum
330 2464 405 2529 fidei
433 2463 562 2529 credere
590 2462 758 2530 simulans.
802 2461 855 2529 Sic
877 2463 941 2528 illis
964 2464 998 2527 in
1021 2485 1163 2529 errorem
1194 2464 1347 2549 inductis,

173 2557 301 2619 statuas
324 2558 455 2637 uineas,
482 2573 562 2637 quas
586 2573 693 2617 secum
715 2552 882 2637 portabat,
909 2552 998 2617 omni
1021 2574 1079 2617 sua
1100 2553 1237 2637 pecunia
1259 2574 1346 2619 com·

136 2661 154 2708 4
173 2643 242 2726 plet
262 2662 381 2726 easque
398 2642 433 2706 in
447 2641 618 2725 propatulo
633 2640 722 2705 domi
739 2641 849 2706 abicit.
882 2641 1035 2725 Gortynii
1049 2642 1208 2725 templum
1225 2662 1347 2726 magna

175 2753 252 2797 cura
279 2729 479 2812 custodiunt,
510 2749 577 2794 nou
603 2732 672 2794 tem
700 2731 858 2794 aceteris
885 2751 982 2813 quem
1010 2730 1050 2795 eb
1079 2729 1275 2814 Hannibale,
1301 2752 1346 2795 ne

176 2820 251 2904 quid
274 2819 331 2884 ille
353 2817 567 2884 inscientibus
590 2816 670 2901 ipsis
693 2817 825 2882 tolleret
847 2839 1017 2902 secumque
1041 2818 1179 2883 duceret.

138 2926 151 2974 1
262 2907 303 2974 X.
341 2905 394 2972 Sic
422 2905 621 2972 conservatis
649 2906 716 2971 suis
744 2907 841 2971 rebus
864 2906 991 2972 Poenus
1020 2906 1060 2971 ad
1087 2905 1233 2973 Prusiam
1242 2903 1282 2993 28)
1309 2908 1345 2972 in

172 2997 364 3081 Bithyniam
385 2995 540 3080 pervenit.
578 2994 674 3080 Apud
693 3016 789 3079 quem
808 2995 920 3060 ecdem
940 2996 1049 3060 animo
1067 2993 1131 3059 fuit
1148 2995 1183 3059 in
1201 2996 1344 3081 ltaliam,

171 3108 274 3171 neque
294 3085 382 3150 aliud
401 3085 573 3170 quiequam
592 3105 688 3168 quam
707 3103 816 3168 regem
837 3085 975 3149 armavit
993 3088 1026 3148 et
1043 3084 1170 3149 exacuit
1188 3084 1342 3151 adversus

135 3174 346 3241 aRomanos.
392 3172 495 3250 Quem
522 3194 595 3239 cum
622 3173 747 3238 videret
775 3172 960 3239 domesticis
991 3173 1107 3256 opibus
1136 3173 1244 3238 minus
1272 3194 1343 3238 esse

171 3264 350 3347 robustum,
373 3261 576 3327 conciliando
599 3264 723 3327 ceteros
746 3283 838 3347 reges
861 3262 1034 3327 bellicosas
1057 3261 1206 3326 nationes
1230 3261 1342 3327 adiun-

208 3419 242 3487 ἰ)
256 3417 294 3473 Es
304 3417 465 3488 giebtnoch
473 3417 628 3473 einedritte
634 3417 727 3472 Nach-
781 3417 928 3473 derselhen
941 3416 1090 3486 begannen
1104 3416 1195 3472 sofort
1207 3418 1254 3474 die
1265 3416 1343 3473 Prie·

169 3491 252 3558 richt‚
261 3489 336 3545 nach
349 3488 559 3559 welchchugo
568 3488 656 3544 sehon
664 3495 727 3556 203,
782 3486 1342 3559 densunterhandlungen,dienunwegen

169 3560 298 3631 augleich
315 3559 369 3615 mit
382 3559 524 3616 Hannibal
540 3560 614 3614 nach
627 3558 728 3613 Airika
781 3560 832 3614 der
845 3557 1029 3629 Gefugigkeit
1047 3559 1096 3614 des
1109 3559 1264 3615 Anticmus
1277 3577 1342 3614 aum

169 3631 402 3698 zuruckberufem
430 3630 482 3686 aui
502 3630 553 3686 der
576 3617 728 3685 llberiahrt
781 3630 898 3685 ruschen
916 3629 1067 3685 Absohlul's
1084 3629 1194 3685 kamen.

168 3701 572 3772 vondengallischenKusten
586 3699 726 3756 anseinen
817 3700 852 3769 ¹⁰)
871 3700 921 3756 Bei
939 3700 1095 3771 Magnesia.

168 3775 299 3829 Wunden
317 3774 403 3828 starh.
818 3771 854 3842 ¹⁷)
871 3772 951 3827 Anm.
971 3790 1005 3827 zu
1024 3773 1088 3827 Dat.
1102 3771 1136 3838 V,
1155 3778 1180 3829 3.

207 3843 241 3912 ²⁶)
254 3843 409 3900 Antiochus
424 3845 503 3899 hatte
512 3841 574 3899 hier
583 3842 633 3913 (im
642 3841 726 3897 Jahre
818 3843 853 3912 ²⁸)
871 3841 959 3898 Nicht
982 3843 1077 3898 sofort
1114 3843 1152 3896 Er
1176 3842 1246 3898 irrte
1267 3841 1339 3897 noch

171 3916 233 3985 191)
251 3916 323 3971 feste
338 3915 467 3984 Stellung
484 3930 660 3985 gencmmen‚
679 3932 727 3968 um
782 3912 945 3982 einigeZeit
957 3914 1064 3968 umber.
1101 3913 1144 3969 Ob
1163 3929 1194 3968 er
1208 3930 1259 3970 vor
1272 3911 1340 3968 oder

169 3986 224 4041 deu
238 3984 434 4041 unrdckenden
444 3986 566 4040 Romam
580 4003 613 4039 zu
629 3983 727 4039 wider-
781 3985 854 4039 nach
874 3989 939 4053 186,
963 4004 997 4040 zu
1015 3984 1127 4039 Prusias
1145 3983 1167 4041 Ι.
1187 3985 1255 4041 oder
1272 3984 1339 4038 Pru·

169 4057 279 4124 stehen‚
306 4057 402 4112 wurde
431 4058 499 4112 aber
524 4057 578 4111 mit
605 4055 728 4126 grcfscm
781 4055 836 4111 sias
852 4055 893 4126 11.‚
911 4057 984 4111 nach
1002 4055 1153 4125 Bithynien
1171 4054 1340 4125 gckcmmcn

167 4128 283 4183 Verlust
317 4143 369 4182 aus
400 4127 546 4182 derselben
577 4128 727 4197 herausge·
780 4127 828 4195 ist,
841 4127 1018 4184 istnichtau
1037 4127 1188 4183 ermitteln.
1220 4128 1282 4182 Den
1299 4127 1340 4181 im

167 4197 282 4256 werten.
313 4195 729 4266 DieEntseheidungsschlacht
781 4196 932 4268 folgenden
958 4199 1120 4253 erwthnten
1137 4196 1225 4268 Krieg
1249 4214 1341 4268 gegen

168 4288 227 4326 war
251 4271 310 4324 erut
331 4267 371 4322 im
393 4268 547 4337 folgenden
568 4267 653 4323 Jahre
681 4268 728 4323 bei
782 4268 918 4324 Eumenes
931 4268 966 4323 11.
984 4285 1039 4324 von
1057 4268 1223 4339 Pergamum
1245 4268 1342 4324 fdhrte

170 4339 317 4409 Magnesia
344 4355 390 4393 am
419 4339 543 4408 Sipylus,
571 4338 628 4392 und
655 4340 728 4393 nach
782 4343 980 4395 er184-188.
