2959 4759
126 245 130 254 '
183 229 230 294 ¹54
542 227 603 283 XV.
636 227 910 285 EPAMINONDAS.
937 235 962 285 8.
982 234 1007 285 9.

185 395 333 476 peterent
356 412 461 476 opem,
482 391 574 455 nulla
597 390 744 456 adhibita
767 390 924 456 memoria
946 390 1162 456 contumeliae
1185 393 1365 459 exercitum

151 480 355 545 aobsidione
387 480 562 544 liberatum
595 478 725 544 domum
762 479 891 544 reduxit
926 479 1132 544 incolumem.
1183 480 1255 547 Nec
1289 505 1365 548 vero

186 566 313 655 illud¹⁸)
337 569 438 634 semel
461 568 546 633 fecit
591 566 734 632 Maxime
756 589 833 633 vero
857 568 918 633 hoo
940 567 1004 632 fuit
1025 568 1162 633 illustre.
1207 569 1248 634 In
1273 571 1366 637 Pelo-

187 679 367 740 ponnesum
386 657 562 723 exercitum
580 656 754 722 induxerat
772 656 926 722 adversus
940 655 1214 723 Lacedaemonios
1232 660 1366 742 [aeto]

187 746 393 829 habebatque
407 745 550 829 collegas
564 746 655 829 duos,
670 766 808 830 quorum
822 745 904 810 alter
918 750 988 810 erat
1001 745 1184 829 Pelopidas,
1198 749 1250 812 vir
1268 748 1368 814 fortis

150 849 225 900 aaa
248 838 408 901 strenuus.
444 834 665 911 Quibuscum
689 855 775 900 anno
799 834 928 917 imperii
951 839 1065 899 exacto
1090 835 1173 901 alios
1196 841 1368 919 praetores

185 924 353 990 succedere
376 924 516 1007 populus
539 923 698 1007 iussisset,
718 920 961 1006 Epaminondas
983 924 1098 1008 populi
1121 924 1202 990 scito
1225 927 1268 1006 [a.
1284 927 1366 1008 369]

184 1033 251 1077 non
268 1012 379 1095 paruit
396 1012 547 1095 idemque
567 1015 602 1076 ut
615 1012 759 1075 facerent
772 1011 936 1094 persuasit
954 1011 1105 1097 collegis:
1124 1012 1259 1098 bellum,
1278 1016 1369 1099 quod

186 1106 388 1185 susceperat,
414 1100 553 1165 feliciter
580 1100 691 1185 gessit.
737 1098 887 1183 Namque
916 1100 1212 1185 animadvertebat,
1239 1103 1306 1168 nisi
1333 1104 1369 1168 id

183 1189 321 1274 fecisset,
343 1192 450 1255 totum
473 1188 648 1253 exercitum
671 1192 806 1271 propter
828 1191 1015 1271 praetorum
1038 1188 1294 1272 imprudentiam
1318 1192 1367 1258 in·

150 1278 379 1363 ascitiamque
411 1277 489 1342 belli
522 1278 711 1360 periturum.
762 1275 830 1341 Lex
863 1280 933 1342 erat
964 1276 1100 1362 Thebis,
1137 1299 1221 1363 quae
1258 1289 1368 1346 morte

185 1366 365 1450 multabat,
397 1366 425 1430 si
458 1366 530 1449 quis
562 1365 735 1449 imperium
769 1365 890 1430 diutius
922 1365 1124 1449 retinuisset,
1160 1389 1260 1451 quam
1293 1370 1369 1455 lege

183 1455 390 1538 praefinitum
417 1454 510 1519 foret.
555 1453 649 1528 Hanc
671 1453 917 1537 Epaminondas
945 1475 1018 1518 aum
1041 1455 1088 1519 rei
1114 1455 1265 1537 publicae
1290 1479 1369 1523 con-

183 1543 360 1608 servandae
379 1564 478 1608 causa
495 1543 596 1606 latam
611 1542 744 1623 videret,
763 1542 803 1606 ad
818 1543 994 1626 perniciem
1012 1543 1156 1608 civitatis
1174 1544 1366 1633 conferam)

183 1632 303 1696 noluitr
326 1635 480 1717 quattuor
503 1631 669 1694 mensibus
694 1629 824 1712 diutius,
849 1652 947 1715 quam
965 1631 1106 1715 populus
1130 1633 1281 1718 iusserat,
1306 1636 1368 1700 im·

182 1721 308 1805 perium
331 1721 442 1806 gessit

150 1822 165 1871 1
273 1807 363 1874 VIII.
400 1808 581 1892 Postquam
604 1806 735 1871 domum
764 1806 905 1871 reditum
935 1810 997 1888 est,
1027 1808 1172 1892 collegae
1201 1810 1271 1875 eius
1303 1811 1367 1878 hoc

184 1898 319 1963 crimine
338 1897 583 1964 accusabantur.
621 1895 747 1972 Quibus
769 1894 827 1959 ille
845 1895 1000 1979 permisit,
1022 1899 1059 1960 ut
1079 1918 1210 1962 omnem
1230 1920 1366 1965 eausam

184 1987 221 2051 in
244 2008 277 2051 se
300 1986 516 2052 transferrent
543 2006 665 2068 suaque
693 2004 793 2068 opera
818 1983 942 2049 factum
965 1985 1212 2070 contenderent,
1235 1990 1274 2052 ut
1299 1989 1367 2074 legi

184 2096 252 2141 non
280 2075 477 2141 oboedirent.
523 2072 595 2149 Qua
623 2072 809 2137 defensione
836 2072 902 2136 illis
925 2072 1068 2156 periculo
1095 2074 1243 2140 liberatis
1267 2098 1365 2143 nemo

184 2162 448 2248 Epaminondam
472 2183 704 2246 responsurum
728 2161 878 2245 putabat,
905 2160 1004 2246 quod,
1027 2161 1104 2245 quid
1131 2163 1268 2248 diceret,
1296 2188 1367 2232 non

148 2253 327 2319 thaberet.
373 2252 420 2318 At
441 2253 497 2317 ille
515 2252 551 2316 in
574 2251 729 2316 iudicium
752 2249 851 2332 venit,
872 2248 954 2314 nihil
979 2271 1090 2315 eorum
1112 2254 1257 2337 negavit,
1281 2276 1366 2339 quae

183 2341 358 2408 adversarii
386 2341 513 2407 crimini
542 2340 676 2417 dabant,
705 2337 891 2422 omniaque,
916 2360 1003 2426 *quae
1031 2340 1176 2425 collegae
1203 2341 1367 2429 dixerant,

183 2430 351 2496 confessus
374 2452 441 2496 non
465 2429 627 2495 recusavit
650 2449 713 2511 quo
737 2426 844 2490 minus
871 2426 955 2511 legis
981 2449 1120 2511 poenam
1143 2429 1284 2516 subiret,
1309 2433 1366 2498 sed

147 2535 163 2583 a
182 2541 284 2584 unum
308 2519 349 2584 ab
372 2520 413 2583 iis
437 2519 569 2602 petiuit,
591 2520 628 2581 ut
650 2518 683 2580 in
709 2516 856 2600 sepulcro
881 2537 939 2580 suo
963 2516 1190 2583 inscriberent:
1219 2517 1367 2603 ‘Epami-

183 2609 308 2673 nondas
333 2629 352 2671 a
374 2606 540 2672 Thebanis
563 2608 668 2670 morte
692 2604 850 2668 multatus
873 2607 932 2687 est,
955 2604 1040 2687 quod
1056 2626 1119 2671 >eos
1143 2607 1253 2692 oobgit
1276 2611 1365 2694 apud

183 2696 322 2761 Leuctra
345 2715 497 2779 superare
514 2692 797 2775 Lacedaemonios,
820 2713 901 2782 quos
921 2697 997 2758 ante
1019 2694 1111 2758 illum
1129 2694 1365 2779 imperatorem

146 2798 279 2849 anemo
303 2783 503 2848 Boeotorum
532 2804 630 2848 ausus
657 2781 767 2845 fuerat
789 2780 933 2864 aspicere
955 2782 991 2846 in
1014 2781 1096 2865 acie,
1122 2784 1273 2868 quodque
1297 2809 1365 2853 uno

182 2873 306 2956 proelio
329 2894 397 2937 non
421 2871 528 2937 solum
546 2870 676 2936 Thebas
699 2869 740 2934 ab
765 2868 897 2934 interitu
911 2870 1066 2954 retraxit,
1087 2871 1144 2935 sed
1167 2873 1269 2938 etiam
1292 2876 1365 2941 uni·

182 2983 310 3027 versam
334 2959 505 3027 Graeciam
528 2961 562 3024 in
584 2959 771 3024 libertatem
794 2957 972 3023 vindicavit
997 2979 1100 3042 eoque
1122 2981 1175 3024 res
1198 2966 1366 3029 utrorum-

181 3071 242 3135 que
266 3048 425 3135 perduxit,
447 3052 485 3114 ut
507 3047 655 3114 Thebani
674 3045 824 3131 Spartam
850 3050 1091 3131 oppugnarent,
1114 3048 1367 3119 Lacedaemonii

181 3139 262 3204 satis
291 3139 463 3220 haberent,
492 3139 520 3204 si
545 3137 628 3203 salvi
651 3158 722 3202 esse
745 3138 892 3220 possent,
920 3157 1025 3219 neque
1047 3135 1138 3221 prius
1162 3138 1287 3205 bellare
1312 3142 1365 3207 de-

145 3242 162 3292 a
181 3228 276 3311 stitit,
299 3249 397 3313 quam
421 3226 569 3293 Messene
592 3225 746 3291 restituta
769 3245 847 3307 opes
871 3246 983 3288 eorum
1006 3223 1126 3309 fregit?
1171 3225 1266 3293 Haec
1289 3251 1364 3295 oum

179 3316 323 3400 dixisset,
345 3315 430 3380 risus
455 3316 602 3380 omnium
624 3336 697 3380 eum
718 3313 885 3377 hilaritate
909 3315 1038 3378 coortus
1062 3317 1121 3396 est,
1143 3335 1249 3400 neque
1274 3320 1363 3402 quis-

181 3427 278 3489 quam
305 3404 401 3469 iudex
430 3424 527 3468 ausus
556 3407 607 3467 est
634 3402 672 3467 de
697 3401 842 3467 ecferre
872 3402 1073 3486 suffragium.
1118 3399 1172 3468 Sic
1195 3426 1216 3467 a
1239 3406 1364 3474 iudicio

180 3496 296 3578 capitis
320 3493 464 3558 maxima
486 3491 636 3557 discessit
659 3490 773 3576 gloria.

146 3598 160 3647 1
268 3582 325 3648 IX.
354 3582 509 3647 Extremo
528 3583 675 3664 tempore
694 3581 873 3663 imperator
891 3577 977 3661 apud
995 3577 1198 3643 Mantineam
1222 3584 1267 3663 [a.
1281 3585 1362 3667 362]

179 3693 252 3737 cum
280 3671 349 3738 acie
377 3671 538 3735 instructa
566 3668 719 3734 audacius
743 3669 881 3731 instaret
903 3666 1068 3750 hostibus,
1091 3669 1244 3751 cognitus
1268 3678 1320 3738 est
1344 3698 1364 3738 a

179 3826 364 3885 Bdotarchen.
399 3826 545 3881 Nunmehr
563 3826 670 3894 wurde,
692 3842 741 3879 um
795 3821 871 3877 eines
889 3820 1080 3890 Bootarchen‚
1099 3823 1157 3877 und
1174 3842 1235 3879 nun
1253 3829 1361 3901 gelang
1412 3845 1419 3856 ·

178 3898 330 3967 Pelopidas
343 3899 401 3953 und
409 3896 545 3952 Ismenias
558 3914 592 3951 au
605 3895 739 3961 befreien,
794 3891 855 3947 ihm
886 3893 931 3948 die
962 3893 1114 3964 Befreiung
1142 3894 1225 3964 jener
1258 3899 1363 3955 beiden

178 3967 224 4023 die
246 3986 302 4025 von
319 3967 479 4024 Alexander
500 3985 557 4024 von
574 3966 668 4021 Phara
692 3982 739 4036 ge·
795 3964 920 4020 Mtnner.

178 4039 437 4166 Ittt⁰htllttt
451 4036 743 4176 ultttrttftt
795 4068 1364 4211 ,eglgfflggepgpniuriarumpatien-

178 4181 314 4238 walchem
329 4183 378 4237 das
388 4182 462 4236 Heer
475 4182 505 4236 in
520 4198 587 4251 arga
597 4179 740 4248 Bedraug·
1009 4244 1015 4257 α

177 4252 221 4307 nia
247 4254 322 4310 kam.
364 4251 416 4307 Die
439 4251 566 4321 Rettnng
592 4249 741 4305 desselben
835 4247 868 4314 19)
887 4248 969 4303 buch
987 4246 1084 4301 hieran
1102 4246 1205 4316 gehort
1223 4251 1301 4308 hanc
1320 4256 1364 4312 als

179 4323 266 4379 durch
286 4324 384 4396 Epam.
413 4323 529 4377 braohte
557 4322 654 4377 diesen
681 4321 741 4374 fars
797 4316 927 4386 auhjaba,
953 4318 1014 4373 also
1034 4317 1086 4385 „in
1104 4319 1295 4395 Anwendnng
1313 4342 1364 4398 ga·

178 4392 310 4465 folgende
330 4396 401 4450 Jahr
423 4393 527 4448 wieder
549 4393 577 4446 in
601 4390 651 4446 das
674 4391 743 4444 Amt
795 4389 898 4444 bracht
916 4388 1027 4444 aehen“.
