2959 4759
495 226 531 285 Π.
553 226 839 285 THEMISTOOLES.
864 234 888 286 1.
903 236 928 288 2.
1284 230 1303 295 ‘l

120 414 184 457 usa
216 394 275 456 est.
325 389 497 454 Praeterea
529 410 648 476 magna
681 391 750 457 eius
783 395 853 456 erat
884 392 970 477 apud
1003 414 1116 458 omnes
1149 393 1300 460 civitates

122 478 317 563 auctoritas,
344 478 452 543 nobile
485 501 617 565 nomen,
648 481 719 545 laus
747 480 794 545 rei
828 482 978 546 militaris
1012 484 1163 548 maxima.
1210 484 1300 549 Haec

123 569 266 653 populus
285 567 460 651 respiciens
475 568 590 636 maluit
603 569 697 633 illum
715 570 887 635 innoxium
903 572 1005 655 plecti
1020 594 1119 656 quam
1134 593 1168 637 se
1182 572 1304 638 diutius

124 679 196 724 esse
220 658 255 722 iu
278 657 403 722 timore.

481 909 528 981 Π.
572 909 947 985 THEMISTOOLES.

214 1046 239 1112 Ι.
275 1045 519 1132 Themistocles,
542 1045 671 1114 Neoclis
694 1049 790 1128 filius,
808 1049 1033 1134 Atheniensis,
1051 1050 1132 1114 vitia
1154 1050 1298 1117 ineuntis
1321 1070 1335 1117 1

122 1135 362 1202 adulescentiae
386 1137 513 1222 magnis
537 1138 721 1203 emendarit
743 1138 806 1204 viri
828 1139 1019 1222 virtutibus,
1048 1139 1128 1204 adeo
1151 1142 1189 1204 ut
1211 1143 1300 1205 ante-

120 1223 248 1290 feratur
263 1226 293 1288 ei
312 1246 418 1309 nemo,
436 1226 532 1310 pauci
549 1249 644 1311 pares
662 1230 828 1312 putentur.
852 1226 914 1293 Sed
929 1228 970 1292 ab
989 1228 1084 1292 initio
1102 1230 1152 1292 est
1171 1228 1300 1294 ordien-
1320 1247 1336 1295 2

122 1312 229 1399 dus1).
262 1313 360 1378 Pater
383 1316 452 1379 eius
475 1313 613 1381 Neocles
637 1336 815 1401 generosus
837 1317 908 1383 fuir
937 1316 970 1381 Is
994 1338 1129 1382 uxorem
1152 1317 1300 1383 Halicar-

123 1403 272 1467 nassiam
295 1403 398 1469 civem
417 1404 517 1488 duxit,
541 1426 580 1469 ex
598 1426 662 1489 qua
680 1410 778 1471 natus
797 1409 848 1470 est
865 1405 1111 1471 Themistocles.
1144 1404 1207 1482 Qui
1227 1429 1300 1472 cum

125 1492 235 1556 minus
250 1497 335 1557 esset
353 1494 512 1576 probatus
527 1494 725 1580 parentibus,
740 1494 827 1579 quod
841 1497 874 1559 et
888 1495 1022 1559 liberius
1037 1494 1170 1560 vivebat
1185 1499 1218 1560 et
1231 1518 1301 1562 rem

123 1579 320 1645 familiarem
344 1581 549 1667 neglegebat,
574 1605 594 1647 a
616 1586 708 1665 patre
732 1583 946 1649 exheredatus
970 1588 1030 1649 est.
1076 1582 1164 1658 Quae
1188 1590 1301 1650 contu·
1321 1603 1337 1652 3

124 1669 225 1733 melia
252 1691 318 1735 non
344 1670 445 1755 fregit
468 1692 555 1756 eum,
579 1672 632 1735 sed
658 1672 768 1738 erexit.
813 1670 900 1737 Nam
925 1694 999 1737 cum
1026 1673 1203 1739 iudicasset
1232 1676 1300 1739 sine

126 1780 255 1822 summa
282 1758 443 1824 industria
469 1781 535 1824 non
562 1781 658 1842 posse
683 1783 755 1825 eam
778 1761 955 1847 exstingui,
984 1764 1091 1827 totum
1121 1784 1154 1827 se
1179 1763 1301 1829 dedidit

125 1848 173 1911 rei
196 1846 355 1931 publicae,
378 1847 567 1933 diligentius
592 1848 705 1914 amicis
728 1851 897 1934 famaeque
921 1851 1074 1917 serviens.
1103 1850 1245 1916 Multum
1267 1853 1303 1916 in

125 1935 256 2001 iudiciis
270 1937 417 2019 privatus
432 1938 633 2022 versabatur,
648 1960 745 2022 saepe
759 1939 793 2003 in
808 1940 995 2004 contionem
1009 1940 1123 2025 populi
1136 1941 1305 2024 prodibat:

124 2024 218 2089 nulla
240 2047 292 2090 res
320 2026 424 2090 maior
446 2025 517 2090 sine
541 2048 579 2091 eo
606 2028 793 2111 gerebatur,
817 2028 965 2092 celeriter
994 2050 1076 2113 quae
1105 2050 1186 2113 opus
1211 2034 1304 2095 erant

125 2114 320 2199 reperiebat,
339 2114 434 2179 facile
454 2114 566 2179 eadem
585 2116 732 2181 oratione
753 2117 947 2202 explicabat,
966 2117 1053 2201 quod
1072 2121 1105 2183 εὴ
1124 2118 1162 2182 de
1180 2119 1304 2184 instan-

124 2202 215 2267 tibus
233 2203 340 2286 rebus,
359 2206 395 2266 ut
414 2203 461 2267 ait
475 2203 688 2288 Thucydides,
708 2205 875 2270 verissime
893 2205 1059 2271 iudicabat
1080 2210 1113 2270 et
1126 2206 1166 2271 de
1184 2207 1303 2273 futuris

126 2290 336 2355 callidissime
359 2292 548 2360 coniciebat
576 2290 692 2377 Neque
715 2292 824 2358 minus
846 2295 882 2358 in
900 2295 1051 2378 gerendis
1073 2296 1171 2361 rebus
1194 2313 1338 2381 prom-4

123 2382 201 2463 ptus
222 2384 291 2445 erat
310 2402 408 2465 quam
426 2381 658 2465 excogitandis.
690 2382 761 2458 Quo
780 2382 903 2448 factum
923 2387 974 2449 cst
991 2387 1028 2449 ut
1045 2385 1136 2450 brevi
1154 2389 1302 2469 tempore

124 2467 352 2534 illustraretur.

215 2556 257 2621 ΙΙ.
294 2557 423 2624 Primus
456 2563 564 2624 autem
595 2560 716 2645 gradus
745 2558 808 2624 fuit
835 2561 1050 2645 capessendae
1077 2562 1124 2626 rei
1151 2563 1337 2646 publicae1

125 2645 211 2712 bello
226 2645 418 2731 Aeginensi:
437 2648 477 2713 ad
492 2648 578 2731 quod
597 2649 775 2734 gerendum
793 2654 925 2733 praetor
940 2672 960 2714 a
978 2652 1098 2735 populo
1117 2650 1222 2717 factus
1236 2675 1303 2718 non

126 2735 233 2800 solum
262 2736 428 2819 praesenti
455 2738 554 2820 bello,
583 2738 763 2803 sedetiam
791 2739 916 2824 reliquo
943 2740 1083 2823 tempori
1111 2740 1302 2806 ferociorem

124 2823 266 2889 reddidit
285 2825 459 2890 civitatem.
490 2824 576 2891 Nam
595 2849 668 2892 cum
686 2826 826 2912 pecunia
843 2827 983 2913 publica,
1002 2850 1084 2913 quae
1103 2851 1143 2894 ex
1161 2830 1301 2896 metallis
1321 2849 1337 2896 a

124 2913 266 2996 redibat,
293 2914 467 2999 largitione
490 2916 742 3001 magistratuum
770 2918 944 3000 quotannis
967 2918 1127 3002 interiret,
1150 2919 1205 2983 ille
1228 2942 1299 3003 per·

126 3003 230 3066 suasit
256 3004 378 3087 populo
406 3007 504 3068 ntea
530 3005 667 3088 pecunia
695 3004 808 3070 classis
837 3008 967 3069 centum
994 3006 1126 3071 navium
1155 3009 1196 3087 [a.
1219 3009 1300 3091 487]

126 3088 396 3179 aedificareturi).
447 3092 536 3169 Quae
577 3093 653 3156 dum
690 3092 916 3176 conficiuntur,
948 3093 1089 3177 primum
1119 3094 1336 3181 Aeginetasa

124 3178 235 3263 fregit,
259 3180 373 3245 deinde
396 3180 614 3264 praedonibus
639 3182 804 3265 oppressis
827 3202 916 3245 mare
939 3186 1047 3246 tutum
1070 3182 1220 3248 reddidit.
1260 3184 1302 3250 In

126 3290 191 3352 quo
215 3291 288 3334 cum
312 3269 434 3333 divitiis
458 3270 673 3335 Athenienses
698 3269 841 3354 ornavit,
869 3275 939 3334 tum
962 3270 1059 3335 etiam
1083 3273 1299 3355 peritissimos

126 3356 205 3421 belli
227 3358 356 3423 navalis
380 3358 466 3424 fecit.
496 3358 534 3424 Id
554 3363 694 3445 quantae
713 3359 813 3424 saluti
830 3358 928 3424 fuerit
945 3360 1116 3425 universae
1136 3361 1300 3448 Graeciae,
1319 3381 1337 3429 4

126 3445 214 3510 bello
238 3446 404 3531 cognitum
429 3452 479 3512 est
501 3447 639 3514 Persico.
671 3448 803 3513 Etenim
826 3449 938 3533 paucis
961 3451 1037 3533 post
1061 3452 1154 3516 aunis
1177 3450 1300 3519 Xerxes

127 3539 161 3599 et
187 3537 271 3599 mari
298 3538 332 3600 εὴ
359 3540 448 3601 terra
478 3537 600 3602 bellum
629 3538 799 3603 universae
831 3538 945 3602 intulit
970 3537 1123 3623 Europae
1157 3543 1197 3622 [a.
1220 3543 1300 3625 480]

126 3645 200 3688 cum
222 3624 324 3688 tantis
348 3625 459 3710 copiis,
482 3629 621 3709 quantas
645 3648 749 3712 neque
770 3631 845 3691 ante
862 3648 922 3692 nec
944 3633 1059 3711 postea
1080 3628 1197 3695 habuit
1215 3632 1301 3715 quis-

127 3734 238 3797 quam:
257 3713 345 3777 illius
361 3714 447 3779 enim
462 3715 575 3780 classis
593 3716 683 3780 mille
698 3719 730 3780 et
749 3716 960 3781 ducentarum
978 3717 1110 3782 navium
1130 3719 1301 3804 longarum
1320 3737 1336 3786 5

125 3802 197 3884 fuit,
216 3823 314 3885 quam
334 3802 396 3867 duo
416 3803 507 3868 milia
524 3806 747 3870 onerariarum
766 3805 993 3890 sequebantur,
1011 3809 1175 3872 terrestris
1191 3813 1300 3875 autem

128 3892 288 3955 exercitus
313 3892 519 3976 septingenta
539 3894 693 3978 peditum,
717 3895 862 3978 equitum
881 3894 1098 3978 quadraginta
1121 3896 1213 3963 milia
1230 3899 1301 3965 fne-

125 3983 211 4045 runt.
248 3978 348 4046 Cuius
373 3980 411 4045 de
435 3981 576 4047 adventu
599 4005 671 4048 cum
694 3982 783 4048 fama
805 3982 840 4047 in
864 3981 1032 4048 Graeciam
1057 3989 1143 4049 esset
1164 3989 1335 4072 perlatae

125 4068 352 4153 Athenienses,
372 4071 427 4154 qui
446 4071 585 4135 maxime
604 4071 673 4156 peti
687 4071 869 4136 dicerentur
886 4076 1020 4155 propter
1037 4094 1181 4159 pugnam
1195 4075 1300 4141 Mara·

124 4158 284 4244 thcniam,
307 4158 453 4243 Delphos
476 4160 635 4225 miserunt
657 4162 851 4246 consultum,
874 4161 1028 4245 quidnam
1052 4162 1206 4229 derebus
1232 4166 1299 4230 suis

165 4333 186 4402 ¹)
206 4331 300 4387 Ordiri
309 4333 685 4403 transitivwiehlcib.Xl,6.
739 4337 847 4407 gebaut
864 4336 988 4405 werden,
1012 4336 1056 4391 bis
1075 4337 1121 4391 die
1144 4337 1213 4391 Zahl
1237 4339 1300 4393 der·

163 4403 185 4472 ²)
203 4404 241 4460 Es
260 4404 363 4463 sollten
379 4405 502 4475 jchrlich
521 4411 555 4461 20
571 4406 686 4461 Trieren
740 4407 837 4462 selben
855 4406 906 4463 auf
922 4412 974 4462 200
992 4408 1129 4478 gebracht
1146 4412 1231 4463 ware.
