2959 4759
180 202 226 266 40
581 202 641 258 nn.
670 202 860 258 cassans.
884 210 908 259 a.
923 208 949 259 4.

187 368 292 428 totam
306 364 447 428 insulam
462 363 547 428 bello
563 363 777 450 devicisset’).
806 364 929 441 Quibus
944 387 983 430 ex
997 365 1093 429 rebus
1100 362 1126 449 ³)
1141 366 1370 433 Athenienses

150 470 338 536 amagnam
368 452 508 536 gloriam
531 456 607 517 sunt
635 453 754 538 adepti.
801 451 863 518 Sed
885 454 1127 538 Pharnabazus,
1156 457 1210 539 qui
1237 478 1370 521 novum

184 542 358 606 exercitum
387 541 428 605 ad
454 541 636 624 pacandam
663 541 849 627 Aegyptum
877 563 1067 626 comparare
1096 565 1115 607 a
1142 565 1219 630 rege
1249 545 1371 610 iussus

184 634 267 713 erat,
294 630 420 714 legatos
448 630 539 695 misit
560 630 707 695 Athenas
736 633 900 716 questum,
924 629 1010 714 quod
1033 630 1192 697 Chabrias
1222 634 1264 713 [a.
1282 634 1369 715 378]

184 718 355 783 adversum
383 738 494 803 regem
516 719 639 784 bellum
667 724 794 805 gereret
817 740 889 783 cum
911 719 1094 803 Aegyptiis.
1140 719 1369 787 Athenienses

183 808 268 872 diem
288 810 411 872 certam
430 804 590 872 Chabriae
611 808 876 892 praestituerunt,
895 829 992 891 quam
1013 806 1121 893 ante⁴)
1141 808 1275 874 domum
1299 811 1370 875 nisi

184 897 336 979 redisset,
359 897 474 981 capitis
498 918 532 961 se
560 897 651 961 illum
679 896 890 961 damnaturos
917 895 1157 961 denuntiarunt.
1203 897 1276 974 Quo
1309 899 1369 964 ille

182 988 297 1050 nuntio
320 984 467 1050 Athenas
490 985 594 1049 rediit.

148 1091 161 1137 1
270 1072 328 1138 HI.
351 1073 471 1139 Postea
495 1096 567 1138 cum
590 1095 709 1138 novum
734 1072 855 1137 bellum
879 1072 966 1137 inter
983 1072 1167 1158 Aegyptios
1187 1078 1220 1138 et
1238 1075 1368 1140 Persas

182 1161 357 1228 conflatum
391 1165 490 1245 esset,
522 1160 679 1227 Chabrias
712 1162 831 1226 iterum
865 1183 900 1226 eo
932 1162 1097 1246 profectus
1125 1165 1182 1227 est.
1213 1164 1257 1246 [a.
1277 1165 1366 1245 361]

182 1251 398 1315 Athenienses
418 1272 491 1315 cum
510 1250 689 1316 Artaxerxe
709 1245 897 1315 societatem
915 1249 1091 1334 habebant,
1109 1250 1368 1318 Lacedaemonii
1474 1275 1475 1298 1

182 1361 254 1404 cum
283 1337 470 1424 Aegyptiis,
498 1361 517 1403 a
545 1340 661 1425 quibus
685 1343 821 1404 vocatus
849 1359 986 1423 magnas
1013 1339 1151 1422 praedas
1175 1340 1367 1424 Agesilaus

181 1450 239 1493 rex
270 1449 395 1511 eorum,
428 1427 575 1492 faciebat.
621 1427 660 1492 Id
682 1428 812 1492 intuens
836 1425 1010 1509 Chabrias,
1038 1449 1110 1491 cum
1133 1428 1167 1492 in
1199 1450 1234 1492 re
1266 1429 1367 1494 nulla

183 1516 338 1601 Agesilao
358 1515 494 1600 cederet,
513 1534 572 1580 sua
592 1519 707 1600 sponte
726 1537 782 1580 eos
802 1515 946 1580 adiutum
966 1515 1129 1599 profectus
1149 1517 1247 1581 classi
1265 1540 1364 1601 prae
1474 1561 1475 1582 η

182 1604 254 1689 fuit,
276 1604 481 1689 pedestribus
504 1605 606 1688 copiis
625 1605 806 1689 Agesilaus.
844 1603 906 1680 Qui
927 1626 999 1669 cum
1019 1627 1039 1669 a
1057 1604 1175 1686 Tacho,
1197 1604 1364 1691 Aegypti·
1474 1637 1475 1666 ;

183 1714 277 1757 orum
296 1713 381 1777 rege,
401 1693 559 1758 alienatus
579 1691 620 1757 ad
638 1691 857 1757 Nectanabim
877 1692 1026 1775 alterum,
1048 1694 1116 1756 eius
1137 1694 1362 1759 adversarium

184 1785 217 1847 et
234 1783 327 1866 regni
346 1782 599 1866 competitorem,
622 1803 656 1846 se
677 1782 884 1864 applicasset,
907 1778 1066 1845 Chabrias
1085 1781 1231 1846 Athenas
1250 1782 1364 1847 rediit.

147 1882 163 1930 a
182 1869 294 1954 Neque
317 1870 364 1934 ibi
388 1869 510 1934 diutius
534 1872 584 1933 est
606 1873 765 1953 moratus,
788 1888 885 1953 quarn
908 1869 973 1933 fuit
994 1890 1133 1934 necesse.
1169 1868 1244 1934 Non
1269 1872 1360 1935 enim

183 1959 322 2023 libenter
341 1964 411 2022 erat
430 1961 506 2023 ante
530 1959 639 2022 oculos
663 1979 794 2022 suorum
813 1956 940 2042 civium,
961 1958 1048 2041 quod
1066 1963 1100 2022 et
1118 1958 1249 2023 vivebat
1268 1958 1361 2024 laute
1474 2013 1475 2046 ,

184 2050 217 2111 ct
246 2046 438 2132 indulgebat
469 2046 532 2111 sibi
560 2046 708 2131 liberius,
738 2068 836 2130 quam
867 2050 906 2109 ut
936 2044 1092 2110 invidiam
1123 2047 1213 2130 vulgi
1243 2051 1363 2130 posset

147 2136 332 2220 eeffugere.
377 2134 440 2200 Est
470 2137 556 2199 enim
587 2135 650 2200 hoc
677 2154 847 2199 commune
876 2134 991 2197 vitium
1021 2134 1150 2218 magnis
1180 2135 1360 2220 liberisque
1474 2211 1475 2222 2

182 2223 383 2308 civitatibus,
406 2227 444 2287 ut
466 2222 589 2288 invidia
611 2224 734 2308 gloriae
759 2243 866 2287 comes
891 2221 934 2286 sit
958 2226 991 2287 et
1012 2222 1151 2287 libenter
1174 2223 1213 2287 de
1236 2223 1278 2288 iis
1303 2225 1358 2289 de·

182 2312 332 2394 trahant,
365 2333 446 2394 quos
479 2312 620 2376 eminere
653 2312 783 2377 videant
815 2311 931 2391 altius,
967 2331 1069 2394 neque
1107 2312 1216 2376 animo
1253 2334 1359 2397 aequo

180 2423 339 2485 pauperes
359 2401 497 2466 alienam
517 2401 707 2465 intueantur
724 2400 898 2466 fortunam.
925 2397 1041 2482 Itaque
1061 2396 1229 2484 Chabrias,
1248 2401 1358 2485 quoad
1474 2471 1475 2476 η

145 2490 212 2553 4ei
241 2489 373 2571 licebat,
405 2490 580 2574 plurimum
611 2488 733 2555 aberat.
778 2486 892 2573 Neque
923 2509 999 2551 vero
1034 2488 1122 2552 solus
1156 2488 1211 2552 ille
1244 2489 1359 2553 aberat

181 2577 319 2642 Athenis
338 2578 488 2662 libenter,
511 2577 567 2641 scd
586 2599 698 2642 omnes
717 2577 785 2642 fere
808 2576 968 2662 principes
986 2576 1133 2640 fecerunt
1155 2577 1250 2663 idem,
1269 2579 1357 2661 quod
1474 2603 1475 2646 }

181 2669 310 2731 tantum
330 2688 363 2729 se
384 2666 424 2730 ab
443 2665 565 2730 invidia
582 2664 767 2751 putarent5)
791 2666 947 2747 afuturos,
966 2666 1122 2747 quantum
1142 2688 1162 2729 a
1182 2670 1357 2749 conspectu

182 2777 313 2819 suorum
351 2755 569 2819 recessissent.
619 2753 733 2838 Itaque
767 2752 881 2819 Conon
917 2753 1092 2836 plurimum
1126 2750 1227 2837 Cypri
1263 2755 1357 2838 vixit,
1474 2763 1475 2768 ’

180 2842 361 2927 Iphicrates
391 2843 425 2907 in
447 2841 619 2922 Thraecia,
642 2841 834 2907 Timotheus
857 2840 968 2923 Lesbi,
991 2838 1112 2906 Chares
1137 2838 1236 2927 Sigei.
1281 2841 1356 2907 Dis·
1474 2865 1475 2902 l

181 2932 296 2996 similis
320 2931 448 3016 quidem
468 2930 590 2997 Chares
613 2931 745 2995 illorum
765 2933 798 2994 et
820 2931 915 2995 factis
937 2932 970 2994 et
992 2930 1145 3012 moribus,
1169 2931 1226 2995 sed
1244 2935 1354 2996 tamen
1474 2951 1475 2984 1

181 3020 319 3086 Athenis
344 3025 377 3084 et
398 3020 578 3085 honoratus
602 3025 634 3084 et
657 3016 815 3105 potens).

146 3122 159 3169 1
268 3109 324 3174 IV.
348 3108 450 3175 Periit
469 3115 578 3175 autem
598 3108 757 3175 Chabrias
776 3108 862 3173 bello
882 3106 995 3171 sociali
1012 3106 1074 3171 hoc
1093 3107 1199 3171 modo.
1225 3108 1354 3189 [caol]

181 3196 424 3283 Oppugnabant
457 3198 673 3263 Athenienses
706 3196 834 3263 Chium.
878 3195 962 3260 Erat
992 3195 1027 3259 in
1059 3196 1161 3260 classe
1194 3194 1357 3261 Chabrias

180 3288 337 3371 privatus,
361 3288 418 3352 sed
437 3308 559 3370 omnes,
583 3287 691 3371 quiin
714 3284 909 3369 magistratu
929 3288 1030 3364 erant,
1053 3284 1247 3348 auctoritate
1267 3288 1356 3349 ante·

179 3376 263 3460 ibat,
290 3379 327 3439 ut
353 3376 459 3460 magis
487 3397 560 3439 eum
587 3375 709 3438 milites
737 3395 834 3457 quam
862 3372 918 3455 qui
945 3377 1116 3455 praeerant
1146 3373 1355 3456 suspicerent

144 3480 160 3527 2
180 3465 269 3542 Quae
292 3485 343 3528 res
367 3464 397 3527 ei
420 3460 597 3527 maturavit
619 3464 767 3526 mortem.
796 3459 882 3525 Nam
902 3460 978 3524 dum
1002 3461 1126 3544 primus
1150 3462 1259 3526 studet
1282 3484 1355 3547 por-

215 3689 237 3760 ¹)
255 3689 326 3744 Dem
340 3688 494 3757 Euagorae,
507 3688 557 3742 der
571 3688 738 3757 aquypern
829 3687 850 3757 ⁴)
874 3685 927 3742 Die
947 3686 1061 3756 Propon.
1081 3703 1177 3742 versus
1194 3688 1252 3742 und
1271 3690 1355 3743 tenus

179 3760 225 3815 ein
243 3775 298 3815 von
316 3761 372 3815 den
389 3759 507 3814 Persem
525 3757 738 3829 unabhangigea
792 3759 892 3813 stehen
914 3758 945 3811 in
967 3757 1017 3811 der
1034 3758 1123 3827 Roget
1144 3758 1240 3812 hinter
1261 3759 1354 3815 ihrem

179 3831 350 3898 Konigreich
375 3830 503 3899 granden
530 3829 637 3898 onte,
661 3831 738 3883 ward
792 3829 916 3896 Nomen,
933 3827 1027 3882 hinter
1046 3829 1110 3883 dem
1127 3828 1287 3884 Pronomen
1305 3831 1354 3899 qui

180 3899 315 3956 Chabrias
326 3905 378 3956 388
393 3918 426 3954 au
436 3899 513 3955 Hilfe
527 3900 681 3970 geschickt.
701 3898 739 3952 Er
792 3900 888 3969 haufig
919 3899 991 3953 auch
1024 3904 1103 3967 ante,
1131 3901 1241 3969 contra,
1269 3900 1353 3969 inter,

179 3969 737 4041 hampftedaselbstbis385undsegelte
792 3975 920 4039 propter,
951 3970 1038 4023 iuxta.
1076 3970 1172 4024 Salten
1204 3968 1241 4025 ist
1277 3971 1353 4026 dicae

180 4042 256 4097 dann
264 4041 316 4096 auf
322 4042 420 4112 eigana
428 4041 510 4098 Hand
516 4041 591 4097 nach
597 4031 738 4115 Agypten,
793 4041 921 4109 Stellung
939 4040 1032 4094 hintes
1045 4040 1110 4096 dem
1124 4040 1283 4097 Pronomcn
1295 4041 1355 4108 hic,

177 4109 736 4184 umdortdieEmpbrerzuunterstdtaen.
791 4131 813 4168 n.
828 4113 859 4167 B.
878 4111 959 4167 Paus.
973 4110 1022 4180 IV,
1037 4117 1062 4167 4.

213 4222 235 4290 ⁸)
260 4220 292 4304 D.
307 4219 335 4276 h.
353 4219 461 4290 infulge
487 4221 537 4276 der
555 4222 665 4276 Thaten
688 4220 737 4304 des
829 4238 851 4307 a)
872 4238 951 4291 pum,
971 4254 1005 4289 zu
1024 4235 1136 4289 Datum,
1155 4235 1191 4302 Π,
1210 4240 1235 4290 3,

181 4290 317 4363 ,Chabrias
336 4291 386 4345 auf
398 4290 505 4362 Cypern
521 4291 629 4346 sowohl
648 4292 689 4346 als
708 4309 737 4346 1n

178 4348 319 4434 Agypten.
829 4361 851 4429 ⁰)
870 4360 952 4414 Anni.
971 4376 1005 4412 zu
1023 4357 1119 4427 Pelop.
1138 4358 1160 4426 1,
1180 4363 1204 4411 1.
