2959 4759
560 211 721 268 ATTIOUS.
746 217 850 268 1213.
1249 214 1291 278 91

120 375 301 441 immortali
332 374 489 439 memoria
520 377 675 459 percepta
708 374 872 439 retinebat
903 373 1071 440 beneficia:
1109 394 1190 458 quae
1222 374 1292 458 ipse

121 466 291 548 tribuerat,
313 467 382 529 tam
406 461 461 527 diu
484 463 689 547 meminerat,
712 463 820 547 quoad
841 463 897 528 ille
921 467 1032 547 gratus
1056 466 1139 548 erat,
1161 462 1216 548 qui
1240 484 1292 529 ac-

118 557 261 640 ceperat.
306 550 421 636 Itaque
445 550 558 630 effecit,
582 554 618 616 ut
640 572 715 616 vere
737 551 860 616 dietum
883 552 1044 617 videatur:
1311 565 1328 613 o

242 640 300 706 Sui
323 641 439 724 cuique
462 661 568 704 mores
590 640 719 725 fingunt
741 640 906 705 fortunam
928 635 1173 727 hominibus25).

121 729 236 816 Neque
263 734 375 795 tamen
401 728 493 812 prius
520 726 685 793 fortunam
708 751 807 814 quam
830 750 864 793 sc
887 729 957 814 ipse
980 730 1090 814 fingit,
1113 730 1168 812 qui
1191 732 1293 813 cavet,

121 842 162 886 ne
186 842 250 905 qna
273 818 308 884 in
330 838 365 882 re
387 818 457 881 iure
479 816 650 901 plectatur.

210 907 283 973 XII.
318 905 390 971 Illis
421 905 523 990 igitur
553 904 650 970 rebus
681 906 813 971 Atticus
845 906 951 971 effecit
982 908 1021 970 ut
1048 904 1092 969 Μ.
1116 903 1326 989 Vipsanium

121 996 282 1084 Agrippa,
309 995 427 1060 intima
456 992 682 1060 familiaritate
709 995 898 1060 coniunctus
926 994 1124 1062 adulescenti
1151 993 1292 1072 Caesari,

120 1108 195 1151 oum
218 1088 351 1170 propter
373 1104 467 1148 enam
490 1082 631 1167 gratiam
654 1086 687 1148 et
706 1080 856 1149 Caesaris
875 1082 1056 1167 potentiam
1078 1082 1198 1147 nullius
1217 1103 1293 1147 con·
1419 1105 1425 1118 ·

120 1174 259 1240 &monis
286 1194 353 1239 non
380 1171 515 1237 heberet
548 1174 760 1255 potestatem,
786 1172 875 1237 illius
902 1172 1110 1256 potissimum
1137 1170 1293 1256 deligeret

121 1262 326 1327 adfinitatem
349 1263 620 1345 praeoptaretque
644 1259 763 1344 equitis
781 1260 920 1325 Romani
941 1260 1042 1325 filiam
1060 1280 1292 1344 generosarum

122 1351 255 1436 nuptiis.
292 1348 400 1434 Atque
418 1348 535 1413 harum
557 1348 746 1433 nuptiarum
769 1349 961 1414 conciliator
979 1348 1042 1413 fuit
1060 1347 1103 1413 M.
1121 1347 1327 1431 Antonius,a

118 1440 271 1505 triumvir
293 1437 512 1521 reipublicae
535 1436 790 1502 constituendae.
827 1436 925 1504 Ouius
949 1438 1056 1523 gratia
1078 1459 1152 1503 cum
1175 1456 1293 1521 augere

121 1528 344 1613 possessiones
366 1529 479 1609 poasct
506 1547 596 1607 suas,
622 1528 752 1590 tantum
782 1526 865 1590 afuit
887 1548 907 1588 a
929 1525 1106 1610 eupiditate
1128 1526 1295 1610 pecuniae,

121 1619 158 1682 ut
179 1617 237 1681 illa
258 1615 350 1679 nulla
375 1614 410 1677 in
432 1634 468 1677 re
491 1616 635 1677 uteretur
656 1613 720 1678 nisi
749 1614 784 1677 in
807 1614 1016 1698 deprecandis
1039 1614 1216 1678 amicorum
1239 1613 1292 1677 vel

121 1704 270 1790 periculis
293 1703 345 1768 vel
367 1700 591 1767 incommodis.
635 1700 727 1777 Quod
749 1700 877 1785 quidem
901 1701 961 1766 sub
984 1702 1058 1786 ipsa
1080 1723 1152 1785 pro·
1177 1704 1219 1782 [a.
1233 1700 1290 1783 43]
1311 1715 1328 1764 3

121 1793 297 1879 scriptione
315 1790 501 1874 perillustre
524 1789 594 1854 fuit.
632 1787 717 1855 Nam
735 1811 810 1855 cum
828 1789 863 1855 L.
878 1787 989 1855 Saufei
1008 1790 1127 1875 equitis
1143 1789 1294 1870 Romani,

121 1885 177 1968 qui
188 1882 368 1964 complures
379 1899 481 1943 annos
493 1878 602 1943 studio
612 1878 728 1943 ductus
743 1878 972 1963 philosophiae
979 1877 1117 1943 Athenis
1126 1878 1294 1943 habitarat

121 1971 328 2054 habebatque
354 1969 389 2032 in
415 1966 513 2033 Italic
539 1966 699 2050 pretiosas
727 1968 963 2051 possessiones,
992 1967 1224 2032 consuetudine
1247 1988 1294 2049 ea,

122 2063 282 2145 quatum
309 2079 360 2122 res
394 2055 602 2142 gerebantur,
632 2059 699 2121 tres
725 2055 788 2120 viri
816 2056 901 2120 bona
927 2056 1161 2139 vendidissent,
1190 2054 1294 2120 Attici

121 2148 233 2214 labore
260 2149 358 2231 atque
384 2145 545 2210 industria
572 2143 781 2227 factumest,
810 2148 848 2209 ut
870 2145 982 2210 eodem
1004 2145 1120 2210 nuntio
1144 2141 1293 2210 Saufeius

122 2237 212 2302 fieret
239 2235 358 2301 certior
385 2255 419 2298 se
450 2231 681 2315 patrimonium
709 2233 857 2298 amisisse
885 2238 919 2299 et
943 2255 1157 2317 recuperasse.
1202 2232 1329 2299 Idem4

121 2325 157 2391 L.
184 2324 302 2391 Iulium
330 2320 493 2405 Calidum,
530 2342 624 2405 quem
656 2325 732 2405 post
762 2321 903 2386 Lucretii
936 2319 1122 2407 Catullique
1154 2324 1293 2388 mortem

121 2416 226 2480 multo
258 2412 534 2498 elegantissimum
566 2414 697 2494 po‘e‘tam
727 2414 874 2475 nostram
907 2410 1021 2477 tulisse
1050 2414 1190 2475 aetatem
1218 2430 1292 2474 vere

122 2503 232 2568 videor
255 2500 458 2584 contendere,
480 2520 583 2584 neque
605 2498 711 2563 minus
734 2499 840 2563 virum
859 2499 981 2564 bonum
1000 2499 1194 2584 optimisque
1218 2499 1294 2563 arti·

122 2592 184 2657 bus
212 2590 387 2673 eruditum,
413 2592 490 2673 post
516 2588 789 2673 proscriptionem
816 2588 962 2672 equitum
993 2591 1128 2672 propter
1157 2608 1293 2672 magnas

6 2717 8 2734 .
123 2681 192 2746 eiua
228 2679 401 2745 Africanae
442 2677 665 2763 possessiones
705 2678 741 2741 in
776 2677 1031 2761 proscriptorum
1067 2698 1237 2741 numerum
1274 2699 1294 2741 a

6 2793 7 2846 l
122 2767 158 2835 P.
185 2768 375 2852 Volumnio,
406 2767 569 2850 praefecto
600 2765 729 2830 fabrum
761 2766 915 2851 Antonii,
951 2766 1118 2831 absentem
1153 2766 1293 2830 relatum

122 2856 292 2940 expedivit.
331 2854 423 2931 Quod
441 2856 476 2919 in
493 2850 703 2940 praesenti⁸⁶)
721 2857 832 2918 utrum
851 2854 880 2918 ei
899 2853 1095 2919 laboriosius
1114 2875 1156 2918 an
1175 2854 1328 2939 glorios

6 2945 8 3024 3
123 2945 190 3007 sius
213 2944 321 3027 fuerit,
351 2942 482 3006 difficile
506 2945 556 3006 est
577 2942 733 3022 iudicare,
755 2942 821 3006 nisi
845 2942 929 3026 quod
952 2943 1118 3008 incorum
1140 2942 1293 3025 periculis

122 3052 189 3097 non
212 3051 304 3096 secus
328 3031 477 3094 absentes
501 3051 598 3113 quam
621 3033 808 3112 praesentes
833 3030 954 3095 amieos
974 3030 1085 3095 Attico
1104 3052 1174 3095 esse
1198 3050 1293 3094 curae

122 3142 160 3186 co
210 3120 372 3184 tumeat.

163 3141 299 3273 ngIIL
321 3205 436 3291 Neque
454 3225 530 3270 vero
552 3204 607 3269 ille
629 3204 737 3268 minus
760 3206 866 3270 bonus
884 3209 977 3290 pater
998 3206 1141 3272 familias
1160 3205 1292 3271 habitus
1314 3223 1327 3273 1

123 3302 174 3363 est
196 3319 294 3383 quam
317 3296 407 3361 civis.
447 3292 533 3359 Nam
555 3314 629 3358 cum
650 3297 737 3358 esset
758 3295 962 3378 pecuniosus,
984 3316 1080 3362 nemo
1103 3296 1162 3360 illo
1185 3294 1293 3359 minus

121 3385 186 3451 fuit
212 3407 319 3466 emax,
350 3384 457 3449 minus
487 3381 681 3448 aedificator.
725 3380 840 3467 Neque
871 3387 982 3450 tamen
1012 3390 1081 3449 n'on
1111 3385 1147 3449 in
1178 3383 1294 3469 primis

122 3476 206 3540 bene
237 3473 401 3540 habitauit
431 3472 646 3556 omnibusque
682 3470 815 3555 optimis
852 3473 949 3537 rebus
984 3495 1063 3539 usus
1095 3477 1153 3538 est.
1206 3473 1328 3539 Nema

123 3564 255 3629 domum
284 3562 401 3628 habuit
426 3563 462 3626 in
489 3560 572 3625 colle
596 3559 755 3636 Quirinali
778 3559 1098 3647 Tamphilianam³⁷),
1126 3561 1167 3627 ab
1195 3583 1293 3628 avun-

122 3653 194 3717 culo
221 3649 402 3716 hereditate
429 3648 591 3733 relictam,
621 3649 711 3713 euius
739 3650 920 3715 amoenitas
946 3672 1013 3716 non
1045 3650 1204 3735 aedificio,
1238 3650 1295 3715 sed

124 3742 206 3806 silva
237 3740 422 3805 constabat:
454 3738 561 3822 ipsum
594 3736 681 3801 enim
712 3740 835 3802 tectum
868 3737 1047 3825 antiquitus
1079 3740 1294 3805 constitutum

122 3829 196 3915 plus
220 3824 467 3911 salubritatis³⁸)
490 3848 587 3912 quam
611 3829 760 3910 sumptus
783 3826 938 3893 habebat:
961 3829 996 3892 in
1019 3851 1083 3913 quo
1105 3828 1188 3893 nihil
1207 3850 1294 3894 oom-

123 3918 275 4000 mutavit,
296 3917 360 3981 nisi
383 3915 507 3999 siquid
529 3918 692 3980 vetustate
715 3918 846 3980 coactus
870 3919 930 3982 est.
975 3915 1061 3982 Usus
1084 3921 1135 3982 est
1155 3916 1293 4001 familia,
1312 3934 1328 3983 3

124 4006 153 4070 si
179 4007 322 4072 utilitate
349 4004 557 4070 iudicandum
585 4007 648 4086 est,
678 4001 817 4088 optima,
845 4004 874 4069 ei
901 4004 1020 4090 forma,
1046 4005 1101 4071 vir
1128 4006 1295 4072 mediocri.

161 4161 194 4229 ⁸⁶)
212 4160 384 4217 lambiacher
402 4160 502 4226 Seuer,
520 4176 571 4214 aus
590 4157 682 4214 eincm
773 4159 808 4230 ⁸⁷)
827 4159 908 4215 Nach
921 4161 984 4216 dem
994 4138 1119 4217 Erbauer
1128 4161 1294 4233 Tamphilus

123 4231 322 4288 unbekannten
341 4231 457 4287 Dichter
475 4232 663 4286 entnommen.
734 4230 867 4286 benannt.

122 4302 310 4430 huzzplislsipper
340 4304 395 4359 den
426 4301 587 4372 damaligen
613 4299 679 4355 Ver·
735 4301 908 4428 Ggpoffiben
940 4319 1038 4373 wegen
1069 4304 1119 4361 der
1145 4305 1223 4373 Lege
1253 4302 1294 4356 im
