2959 4759
584 217 746 275 ATTIOUS.
770 224 858 275 9.10.
1260 218 1303 283 89

136 382 357 449 consensionis
395 381 512 467 globus
548 381 644 446 huius
679 381 776 447 unius
816 380 1016 447 dissensione
1058 380 1210 446 disiectus
1247 384 1305 447 est.

134 469 250 556 Neque
269 472 373 536 multo
392 475 468 556 post
487 470 635 553 superior
657 490 727 534 esse
746 471 855 555 coepit
871 468 1046 552 Antonius,
1064 469 1112 534 ita
1129 474 1167 535 ut
1183 470 1305 535 Brutus
1324 485 1340 535 s

135 564 168 624 et
190 558 324 625 Cassius
354 560 476 624 omissa
502 580 580 625 cura
606 555 906 644 provinciarumu),
934 578 1016 641 quae
1038 558 1080 622 iis
1103 558 1184 624 dicis
1207 580 1306 624 causa

135 648 230 714 datae
263 650 357 712 erant
383 670 403 713 a
431 647 577 733 consule,
603 647 782 732 desperatis
810 649 906 712 rebus
929 647 965 711 in
988 644 1186 732 exsilium²⁵)
1208 648 1305 731 profi-

135 738 342 802 ciscerentur.
387 736 533 819 Atticus,
560 736 614 819 qui
636 735 766 800 florenti
788 736 891 801 Bruto
918 735 1090 819 pecuniam
1114 736 1212 801 simul
1233 755 1341 803 cums

136 826 253 891 ceteris
277 824 421 891 conferre
444 825 607 905 noluerat,
635 824 761 890 abiecto
784 823 942 909 Italiaque
966 824 1092 889 cedenti
1118 824 1304 893 sestertium

135 918 265 980 centum
296 914 386 978 milia
409 915 534 978 muneri
561 914 659 977 misit
705 912 821 978 Eidem
842 913 879 977 in
900 909 1062 997 Epiro²⁶),
1087 914 1156 997 ipse
1179 913 1306 997 absens,

134 1006 282 1069 trecenta
309 1003 405 1067 iussit
432 1001 510 1066 dari
554 998 668 1086 Neque
690 1023 768 1067 vero
796 1001 903 1086 magis
927 1002 1071 1066 Antonio
1102 1005 1159 1066 aut
1180 1004 1306 1085 potenti

135 1096 203 1156 tum
227 1092 380 1158 adulatus
404 1093 455 1155 cst
478 1094 536 1156 aut
559 1089 766 1174 desperatum
789 1093 866 1174 post
887 1090 1026 1173 reliquit

223 1178 278 1245 IX.
304 1178 457 1244 Secutum
476 1183 526 1243 est
544 1178 667 1244 bellum
686 1184 817 1263 gestum
835 1178 921 1263 apud
935 1177 1106 1243 Mutinam.
1132 1177 1173 1242 In
1192 1180 1233 1260 [a.
1247 1178 1305 1261 43]
1327 1194 1341 1242 1

134 1290 197 1353 quo
221 1270 402 1333 sitantum
431 1289 505 1332 eum
532 1268 723 1352 prudentem
746 1267 865 1350 dicam,
894 1268 1015 1350 miuus,
1042 1289 1141 1350 quam
1164 1268 1307 1353 debeam,

134 1357 328 1442 praedicem,
342 1378 414 1422 cum
432 1356 488 1420 ille
503 1357 612 1441 potius
627 1356 759 1422 divinus
776 1356 886 1441 fuerit,
900 1356 929 1420 si
942 1355 1100 1420 divinatio
1115 1357 1306 1441 appellanda

135 1451 184 1510 est
211 1449 367 1530 perpetua
399 1446 560 1510 naturalis
588 1446 732 1529 bonitas,
760 1466 842 1531 quae
869 1444 969 1509 nullis
997 1444 1125 1509 casibus
1154 1445 1305 1530 agitatur.

136 1533 250 1599 Hostis
281 1534 446 1599 Antonius
482 1534 643 1599 iudicatus
679 1533 776 1598 Italia
812 1536 970 1598 cesserat:
1005 1554 1080 1616 spes
1116 1533 1341 1599 restituendis

134 1623 225 1687 nulla
253 1627 333 1687 erat.
376 1621 452 1687 Non
480 1622 583 1686 solum
610 1622 760 1705 inimici,
784 1621 839 1706 qui
865 1625 935 1687 tum
962 1624 1056 1685 erant
1087 1622 1306 1704 potentissimi

133 1715 169 1776 et
194 1710 343 1795 plurimi,
370 1710 426 1775 sed
454 1710 554 1775 etiam
582 1710 638 1794 qui
666 1710 732 1774 illis
760 1730 795 1773 se
822 1708 945 1774 dabant
972 1712 1004 1773 et
1026 1709 1061 1773 in
1088 1730 1126 1775 eo
1149 1709 1306 1776 laedendo

136 1800 278 1885 aliquam
301 1819 337 1864 se
360 1802 591 1864 consecuturos
615 1799 791 1882 sperabant
819 1797 1146 1879 commendationem,
1170 1799 1306 1864 Antonii

134 1889 313 1953 familiares
353 1887 626 1972 insequebantur,
662 1909 797 1952 uxorem
833 1885 981 1951 Fulviam
1019 1888 1170 1951 omnibus
1206 1890 1305 1955 rebus

135 1979 275 2062 spoliare
294 1976 478 2061 cupiebant,
497 1975 617 2040 liberos
637 1976 736 2040 etiam
755 1976 960 2061 exstinguere
973 1976 1143 2059 parabant
1169 1977 1305 2059 Atticus,
1324 1990 1340 2039 3

134 2088 207 2132 cum
231 2064 396 2131 Ciceronis
419 2065 537 2129 intima
559 2064 784 2129 familiaritate
806 2067 960 2142 uteretur,
981 2064 1196 2129 amicissimus
1220 2070 1307 2131 esset

133 2153 252 2235 Bruto,
279 2175 346 2218 non
373 2153 470 2219 modo
496 2152 578 2217 nihil
605 2153 646 2217 iis
674 2152 809 2218 indulsit
837 2154 877 2217 ad
900 2151 1079 2218 Antonium
1109 2153 1306 2239 violandum,

86 2261 96 2284 ³
134 2244 190 2309 sed
226 2243 405 2308 familiares
442 2243 511 2307 eius
544 2263 583 2306 ex
615 2241 693 2307 urbe
729 2241 970 2326 profugientes,
1002 2245 1155 2326 quantum
1189 2245 1306 2327 potuit,

134 2332 225 2416 texit,
248 2332 366 2417 quibus
389 2331 485 2396 rebus
508 2329 725 2416 indiguerunt,
749 2329 880 2395 adiuvit.
925 2328 960 2397 P.
983 2350 1059 2395 vero
1083 2328 1341 2418 Volumnio²⁷)4

134 2443 173 2486 ea
194 2420 327 2505 tribuit,
353 2424 391 2484 ut
417 2420 512 2504 plura
535 2442 555 2484 a
577 2423 713 2503 parente
740 2418 902 2503 proficisci
929 2440 996 2484 nou
1019 2420 1194 2503 potuerint.
1239 2420 1306 2504 Ipsi

14 2540 16 2553 ¹
134 2514 244 2574 autem
267 2508 417 2592 Fuluiae,
445 2530 518 2572 cum
541 2508 653 2573 litibus
676 2508 886 2573 distineretur
912 2510 1104 2593 magnisque
1127 2510 1306 2575 terroribus

134 2600 318 2679 vexaretur,
339 2600 434 2662 tanta
453 2596 623 2682 diligentia
645 2597 788 2661 officium
812 2617 905 2661 suum
925 2596 1098 2682 praestitit,
1120 2599 1158 2663 ut
1181 2598 1304 2664 nullum

7 2687 10 2710 '
132 2686 194 2752 illa
220 2687 342 2751 stiterit
368 2686 587 2751 vadimonium
617 2686 689 2751 sine
716 2686 836 2751 Attico.
881 2684 968 2761 Quin
1000 2686 1112 2770 etiam,
1144 2707 1217 2751 cum
1247 2688 1340 2753 illas

133 2774 270 2840 fundum
289 2775 431 2841 secunda
448 2774 581 2840 fortuna
599 2775 732 2839 emisset
752 2775 786 2839 in
804 2770 933 2859 diem²⁸)
956 2796 1061 2859 neque
1079 2778 1155 2859 post
1172 2776 1304 2841 calami·

133 2867 235 2928 tatem
254 2885 421 2928 versuram
439 2862 546 2928 facere
559 2863 728 2947 potuisset,
741 2862 798 2927 ille
813 2883 848 2926 se
861 2863 1057 2945 interposuit
1070 2867 1304 2950 pecuniamque

134 2953 204 3014 sine
230 2949 362 3015 faenore
391 2951 523 3034 sineque
550 2951 619 3014 ulla
647 2950 859 3033 stipulatione
886 2950 915 3013 ei
942 2950 1095 3030 credidit,
1125 2954 1302 3017 maximum

133 3038 323 3103 existimans
342 3041 523 3122 quaestum,
544 3058 719 3102 memorem
744 3041 937 3122 gratumque
960 3039 1122 3121 cognosci,
1146 3041 1303 3124 simulque

136 3127 285 3211 aperiens
308 3147 342 3191 se
365 3147 431 3190 nou
453 3125 617 3209 fortunae,
644 3126 701 3190 sed
722 3124 908 3190 hominibus
931 3125 1036 3190 solere
1061 3147 1131 3191 esse
1155 3128 1303 3193 amicum.

7 3259 8 3270 ,
134 3215 223 3292 Quae
247 3236 319 3280 cum
341 3213 497 3298 faciebat,
523 3236 619 3280 nemo
643 3235 715 3278 eum
738 3213 895 3297 temporis
923 3235 1020 3279 causa
1046 3213 1152 3279 facere
1174 3219 1338 3300 poterato

7 3379 8 3388 ἵ
133 3304 333 3370 existimare:
368 3304 490 3368 nemini
526 3305 613 3368 enim
649 3303 684 3368 in
720 3301 906 3387 opinionem
942 3303 1095 3369 veniebat
1122 3304 1303 3370 Antonium

133 3416 240 3459 rerum
273 3392 463 3478 potiturum.
518 3390 581 3458 Sed
614 3392 735 3457 sensim
768 3413 788 3457 a
814 3391 978 3457 nonnullis
1009 3393 1221 3475 optimatibus
1253 3407 1337 3460 res

131 3482 403 3568 prehendebatur,
427 3481 512 3566 quod
529 3503 644 3566 parum
668 3481 774 3546 odisse
798 3481 902 3546 melos
925 3481 1012 3546 cives
1035 3481 1205 3548 videratur.
1241 3483 1303 3549 Ille

6 3609 14 3646 ς
132 3575 255 3653 autem
286 3574 324 3635 ut
351 3573 421 3635 erat
448 3570 499 3635 sui
525 3570 651 3655 iudicii,
683 3571 794 3654 potius
822 3569 900 3655 quid
928 3592 962 3635 se
993 3569 1099 3636 facere
1128 3593 1187 3656 par
1218 3578 1304 3639 esset

132 3659 328 3742 intuebatur,
351 3681 448 3744 quam
472 3659 550 3744 quid
573 3659 628 3723 alii
651 3659 818 3724 laudaturi
840 3659 957 3725 forent.

220 3745 259 3813 X.
282 3745 447 3813 Conversa
466 3747 575 3814 subito
593 3748 734 3832 fortuna,
752 3753 790 3812 ut
808 3747 972 3813 Antonius
991 3748 1087 3813 rediit
1108 3749 1144 3813 in
1160 3748 1302 3835 Italiam,
1323 3763 1336 3810 1

167 3884 203 3956 ¹⁴)
222 3885 268 3942 Sie
285 3886 384 3941 hatten
403 3886 459 3940 den
466 3885 588 3956 Anibag
600 3885 690 3941 erhal-
743 3885 838 3941 lichen
853 3885 1006 3941 Provinzen
1024 3887 1081 3941 und
1098 3888 1224 3943 rttsteten
1242 3887 1301 3945 sich

6 3917 9 3946 r
130 3960 179 4013 ten
198 3960 258 4026 (um
275 3955 337 4011 ihre
355 3955 532 4028 Entfernung
550 3974 600 4012 aus
617 3957 690 4011 Rom
744 3958 809 4012 dort
826 3973 890 4011 aum
907 3956 1019 4026 Kriege.

20 4043 23 4052 ·
132 4046 165 4082 zu
182 4028 371 4098 begrtindeu),
394 4027 441 4082 ffir
458 4026 690 4084 Getreidezufuhr

782 4062 817 4132 ²⁶)
836 4061 1071 4118 Daselbstbesals
1080 4062 1191 4119 Atticus
1203 4065 1299 4121 (litter.

132 4116 164 4182 ,ΖΠ
179 4116 227 4224 39¹³
248 4116 291 4182 9¹¹2
310 4098 411 4154 Bffll1¹⁸
429 4098 459 4153 ³¹¹
471 4099 565 4168 &⁰²¹2
580 4098 690 4155 ΟΜ
745 4131 901 4204 Vg1.X1v,
920 4140 945 4189 s.
982 4134 1019 4188 cr
1045 4135 1102 4205 gas
1125 4135 1171 4190 aa
1193 4135 1302 4191 nuwer-

130 4186 427 4309 ωηίοὸοθῒῐῌωῃ
453 4240 493 4295 sie
515 4241 546 4295 in
569 4238 691 4296 Edikten
745 4222 818 4276 sung
835 4222 883 4259 aur
902 4203 1030 4275 Zahlung
1047 4223 1102 4260 von
1120 4207 1192 4260 Rom
1211 4224 1268 4264 aus.

132 4310 178 4365 bei
209 4310 286 4367 ihrer
311 4312 437 4368 Abreise.
482 4311 514 4366 ln
542 4310 692 4366 Wahrheit
781 4310 816 4381 ²⁷)
833 4310 898 4380 Vgl.
917 4309 977 4377 XII,
996 4316 1022 4365 4.
1040 4311 1075 4378 X,
1094 4317 1118 4365 2.

26 4415 28 4426 ·
131 4383 199 4437 aber
212 4382 424 4453 bemtchtigten
437 4382 478 4438 sie
497 4382 558 4438 sich
572 4381 621 4436 der
634 4385 690 4437 cst
781 4381 815 4450 ¹⁸)
834 4381 894 4436 Aul
911 4383 1070 4437 bestimmte
1089 4379 1300 4451 Zahlungsfrist.
