2959 4759
214 206 257 271 28
367 213 371 223 “
567 207 642 263 VIII.
668 207 942 266 THRASYBULUS.
965 214 990 264 a.
1006 216 1030 267 3.

213 366 304 457 illul)
326 373 437 435 tamen
461 370 570 435 omnia
593 369 776 435 communia
799 370 1051 455 imperatoribus
1075 393 1147 437 cum
1170 373 1333 438 militibus
1362 379 1400 440 et

213 460 354 541 fortuna,
378 458 463 543 quod
486 459 520 522 in
544 459 660 542 proelii
682 480 841 524 concursu
865 460 935 524 abit
957 482 1008 524 res
1033 483 1052 525 a
1075 461 1210 526 consilio
1236 461 1277 525 ad
1301 463 1396 528 vices

213 568 322 611 rerum
345 547 561 631 virtutemque
584 547 811 632 pugnantium.
851 546 967 632 Itaque
990 571 1049 614 suo
1072 549 1142 614 inre
1166 550 1322 615 nonnulla
1349 553 1397 617 ab

213 636 410 719 imperatore
433 635 538 719 miles,
560 636 703 720 plurima
721 656 797 700 vero
821 637 952 701 fortuna
975 636 1117 702 vindicat
1140 659 1238 722 seque
1260 639 1297 702 in
1319 639 1397 705 illis

213 725 287 808 plus
316 724 455 789 valuisse
483 746 580 808 quam
604 722 694 788 ducis
722 723 928 808 prudentiam
950 746 1025 791 vere
1053 728 1164 810 potest
1190 727 1397 809 praedicare.

179 809 330 899 sulum)
358 812 718 897 magnificentissimum
747 813 870 878 factum
903 813 1072 897 proprium
1103 819 1154 879 est
1177 813 1397 899 Thrasybuli.

213 899 300 965 Nam
323 922 395 966 cum
418 901 554 985 triginta
576 901 718 985 tyranni,
741 902 919 985 praepositi
942 924 962 967 a
984 900 1265 987 Lacedaemoniis,
1288 907 1398 969 servi-
1478 923 1479 926 ’

212 993 283 1054 tute
306 1010 479 1073 oppressas
502 993 650 1054 tenerent
668 989 827 1075 Athenas,
848 990 1070 1075 plurimosque
1092 990 1187 1076 cives,
1209 992 1328 1076 quibus
1356 995 1397 1058 in

212 1079 298 1143 bello
317 1081 506 1162 pepercerat
519 1077 661 1157 fortuna,
679 1078 799 1160 partim
814 1078 921 1161 patria
938 1079 1139 1164 expulissent
1152 1081 1273 1164 partim
1287 1081 1397 1146 inter·

212 1167 378 1249 fecissent,
406 1187 578 1250 eorumque
605 1166 693 1230 bona
719 1167 886 1249 publicata
913 1167 1001 1231 inter
1029 1190 1064 1232 se
1092 1167 1293 1252 divisissent,
1322 1192 1396 1235 non

214 1257 319 1320 solum
342 1255 507 1339 princeps,
530 1254 585 1318 sed
608 1255 697 1319 solus
721 1254 815 1319 initio
838 1255 961 1320 bellum
984 1255 1025 1319 iis
1048 1256 1173 1321 indixit.

178 1363 192 1411 1
301 1343 344 1407 Il.
381 1340 464 1407 (lum
487 1342 573 1407 enim
595 1342 722 1427 Phylen
745 1341 964 1431 occupavit5),
988 1344 1074 1428 quod
1098 1350 1149 1409 est
1171 1366 1222 1409 ca·
1247 1347 1289 1425 [a.
1305 1346 1393 1428 404]

165 1439 166 1442 ’
213 1432 345 1497 stallum
364 1430 398 1495 in
413 1432 524 1495 Attica
542 1432 806 1516 munitissimum,
824 1454 891 1496 non
909 1434 985 1515 plus
1004 1433 1121 1497 habuit
1135 1454 1243 1497 secum
1259 1438 1395 1518 septua-

212 1521 305 1605 ginta
327 1519 366 1582 de
389 1520 466 1585 suis.
510 1518 584 1584 Hoc
606 1519 735 1583 initium
759 1519 823 1584 fuit
846 1521 960 1585 salutis
985 1525 1181 1605 exactorum,
1202 1521 1265 1586 hoc
1287 1523 1396 1590 robur

176 1608 374 1674 alibertatis
403 1607 602 1672 clarissimae
630 1606 782 1672 civitatis.
817 1606 931 1693 Neque
954 1630 1029 1673 vcro
1052 1606 1152 1693 noni)
1180 1613 1393 1695 contemptus
1478 1645 1479 1648 ¹

212 1700 263 1762 est
285 1697 390 1779 primo
414 1717 434 1759 a
456 1694 604 1778 tyrannis
628 1694 854 1779 Thrasybulus
878 1701 975 1782 atque
1005 1698 1074 1762 eius
1098 1698 1250 1762 solitudo
1295 1700 1393 1776 Quae
1478 1743 1479 1772 t

212 1784 340 1870 quidem
362 1781 448 1871 τρεῖ)
472 1788 504 1848 et
522 1784 589 1848 illis
609 1785 891 1850 contemnentibus
914 1785 1068 1868 perniciei
1088 1789 1121 1851 et
1139 1786 1216 1851 huic
1234 1787 1394 1871 despecto
1478 1811 1479 1866 j

212 1874 312 1939 saluti
347 1872 424 1937 fuit:
460 1872 537 1937 fecit
569 1873 655 1937 enim
687 1873 764 1938 illos
797 1872 839 1937 ad
870 1874 1127 1958 persequendum
1164 1896 1295 1960 segnes,
1328 1878 1393 1943 hos

177 1966 358 2045 atempore
387 1961 427 2026 ad
456 1960 707 2045 comparandum
737 1961 814 2026 dato
842 1962 1025 2027 validiores.
1070 1961 1140 2038 Quo
1169 1964 1275 2049 magis
1303 1965 1393 2030 illud
1478 1977 1479 1998 ²

214 2050 358 2116 omnium
377 2051 412 2114 in
431 2049 547 2114 animis
568 2071 638 2114 esse
655 2049 763 2131 debet,
785 2050 867 2115 nihil
885 2052 921 2114 in
940 2051 1026 2115 bello
1046 2054 1194 2134 oportere
1211 2055 1391 2138 contemni,

175 2155 316 2224 4neque
340 2139 409 2204 sine
432 2160 530 2203 cansa
553 2138 616 2203 dici
639 2141 777 2202 matrem
800 2136 907 2202 timidi
930 2138 1006 2203 flere
1028 2161 1095 2204 non
1117 2141 1229 2205 solere.
1270 2140 1391 2227 Neque

169 2302 172 2309 ¹
212 2233 322 2293 tamen
348 2248 408 2311 pro
437 2227 589 2310 opinione
616 2225 816 2310 Thrasybuli
845 2229 959 2292 auctae
987 2232 1063 2292 sunt
1091 2250 1186 2313 opes:
1214 2250 1292 2293 nam
1321 2232 1392 2296 iam
1478 2257 1479 2268 2

212 2316 279 2381 illis
303 2315 506 2399 temporibus
533 2314 651 2379 fortius
675 2315 753 2379 boni
776 2336 836 2398 pro
864 2316 1018 2380 libertate
1045 2317 1260 2400 loquebantur
1288 2341 1392 2403 quam
1478 2341 1479 2348 ¹

177 2403 388 2489 tpugnaban
448 2402 573 2468 Tamen
595 2400 685 2489 ille⁸)
709 2404 744 2467 in
767 2403 935 2468 Piraeeum
958 2404 1090 2469 transiit
1112 2404 1393 2492 Munychiamque

212 2492 359 2558 munivit.
438 2514 496 2557 anc
526 2491 657 2576 tyranni
687 2511 878 2575 oppugnare
907 2497 984 2558 sunt
1010 2492 1128 2575 adorti,
1156 2493 1213 2557 sed
1244 2496 1286 2574 [a.
1304 2496 1388 2578 403]

212 2581 352 2665 turpiter
361 2579 481 2665 repulsi
495 2580 645 2663 protinus
659 2579 694 2643 in
703 2581 815 2644 urbem
827 2582 926 2645 armis
940 2580 1244 2666 impedimentisque
1257 2584 1391 2650 amissis

177 2688 193 2736 6
212 2670 410 2752 refugerunt.
440 2665 554 2752 Neque
573 2668 680 2731 minus
695 2667 921 2753 Thrasybulus
940 2691 1018 2734 usus
1034 2673 1084 2734 est
1102 2670 1274 2754 prudentia
1289 2694 1390 2757 quam

211 2757 411 2823 fortitudine.
457 2755 542 2821 Nam
571 2755 720 2820 cedentes
749 2756 865 2821 violari
892 2758 995 2822 vetuit
1023 2755 1125 2842 (cives
1153 2759 1238 2823 enim
1262 2760 1392 2827 civibus

212 2867 343 2931 parcere
363 2866 502 2929 acquum
522 2840 697 2930 censebat),
715 2866 821 2930 neque
840 2846 1012 2930 quisquam
1030 2850 1080 2910 est
1098 2848 1295 2933 vulneratus,
1318 2849 1387 2915 nisi

213 2935 268 3020 qui
282 2933 371 3017 prior
384 2934 576 3017 impugnare
588 2932 744 2997 voluisset
751 2930 787 3019 ⁹).
816 2932 979 2999 Iacentem
994 2938 1104 2999 autem
1117 2935 1281 3000 neminem
1296 2941 1389 3003 veste

212 3023 378 3109 spoliavit,
401 3023 448 3086 nil
471 3021 582 3106 attigit
604 3021 666 3086 nisi
690 3042 795 3107 arma,
812 3045 947 3107 quorum
970 3022 1153 3107 indigebat,
1176 3045 1321 3108 quaeque
1346 3028 1389 3091 ad

177 3130 193 3179 ‘1
212 3114 334 3178 victum
349 3111 566 3194 pertinebant.
598 3108 636 3174 In
655 3110 713 3175 illo
733 3113 856 3194 proelio
875 3111 992 3177 cecidit
1005 3110 1133 3195 Critias,
1151 3111 1215 3176 dux
1233 3115 1390 3196 tyranno·

211 3224 295 3286 rum,
309 3221 381 3264 cum
396 3199 525 3283 quidem
541 3198 694 3264 adversus
702 3195 744 3285 ¹⁰)
767 3199 1009 3284 Thrasybulum
1026 3199 1205 3265 fortissime
1218 3210 1391 3286 pugnaret

178 3306 193 3355 1
301 3287 360 3352 ΙΙΙ.
389 3287 461 3353 Hoc
485 3287 611 3352 deiecto
634 3286 813 3353 Pausanias
838 3289 927 3353 venit
949 3286 1070 3354 Atticis
1094 3290 1223 3372 auxilio,
1246 3311 1303 3354 rex
1325 3289 1390 3355 La-

214 3377 504 3444 cedaemoniorum.
549 3373 581 3439 Is
604 3375 691 3439 inter
714 3375 957 3459 Thrasybulum
982 3381 1014 3442 et
1037 3399 1102 3460 eos,
1125 3378 1180 3462 qui
1203 3378 1318 3443 urbem
1340 3383 1390 3444 te-

213 3467 345 3549 nebant,
368 3464 446 3529 fecit
468 3484 581 3547 paoem
603 3463 656 3528 his
674 3464 933 3531 condicionibus:
957 3467 1072 3549 nequi
1100 3471 1228 3550 praeter
1250 3468 1390 3552 triginta

251 3658 273 3728 8)
293 3654 486 3725 Strategische
506 3654 672 3712 Verdienste
691 3656 772 3711 tiber-
864 3656 886 3726 ο)
905 3656 1003 3726 Neque
1013 3673 1080 3712 vero
1090 3675 1146 3713 non
1160 3657 1248 3728 „aber
1259 3657 1391 3715 heilioh“

211 3728 309 3799 haupt.
827 3727 894 3782 oder
913 3727 1005 3797 „wohl
1024 3728 1117 3783 aber“.

249 3834 272 3904 ⁴)
290 3833 342 3888 Die
361 3834 455 3889 starke
470 3832 619 3900 Betonung
632 3848 688 3887 von
700 3831 772 3886 illud
846 3798 981 3924 92stssoe
1000 3798 1114 3867 (lumem
1133 3814 1178 3853 ‘⁶⁸
1197 3800 1272 3870 ”und
1284 3800 1388 3871 demde

212 3902 772 3960 macbtdieadversatiyePartikeluber·
865 3910 1060 4008 „·Nachd0m
1087 3941 1146 3995 sich
1174 3939 1235 3995 sein
1264 3942 1330 3996 ,nh

211 3975 316 4043 flfiflsslss·
828 4010 900 4065 doch
915 4009 1139 4066 allmahlichauf
1153 3959 1390 4068 1000I1anuieurg·
1477 4038 1479 4046 ¹

252 4080 274 4150 ⁶)
292 4080 331 4134 Er
348 4097 406 4135 war
424 4079 497 4134 nach
510 4079 626 4135 Theben
644 4081 774 4151 geflohen
828 4082 920 4136 sttrlrt
937 4081 1025 4137 hatte.

213 4151 272 4206 und
289 4151 375 4204 nahm
389 4167 444 4206 von
463 4151 500 4205 da
519 4168 569 4205 aus
589 4151 634 4206 die
652 4152 773 4207 attische
864 4152 886 4219 ο)
912 4152 994 4223 Konj.
1013 4152 1063 4206 der
1078 4151 1303 4221 allgemeinheit
1321 4154 1388 4210 oder

212 4220 415 4290 Grennfestung
433 4219 491 4276 eins
512 4219 580 4276 Cum
599 4221 638 4276 ist
656 4221 718 4278 hier
731 4239 774 4279 sc·
828 4220 879 4277 der
895 4223 1097 4278 wiederholten
1115 4222 1275 4294 Handlung.

211 4292 268 4347 viel
291 4292 334 4346 als
353 4306 387 4346 eo
403 4294 537 4361 tempore,
557 4309 622 4362 quo,
639 4292 692 4349 wie
707 4292 773 4348 Ocu.
866 4293 901 4361 ¹⁰)
926 4291 985 4348 Das
1013 4292 1109 4348 Them.
1130 4293 1181 4362 111,
1206 4300 1223 4348 4
1251 4295 1385 4351 stehende

212 4362 238 4431 1,
257 4366 283 4419 2.
829 4366 925 4418 exadv.
946 4364 996 4418 hat
1014 4380 1066 4417 nur
1084 4365 1179 4420 lolrale
1193 4364 1369 4435 Bedeutung.
