2959 4759
202 184 246 249 26
579 183 639 238 VII.
667 182 892 239 ALCIBIADES.
917 187 1000 238 9.10.
1468 9 1478 278 i

203 435 305 499 tidem
321 434 454 516 abdidit,
473 455 607 517 sperans
625 433 673 497 ibi
690 433 847 498 facillime
861 454 953 497 suam
971 432 1137 498 fortunam
1151 432 1255 497 occuli
1273 452 1382 515 posse

168 539 185 588 2
205 521 267 588 Sed
287 522 457 606 Thraeces,
478 526 650 607 postquam
675 542 841 586 eumcum
864 542 985 606 magna
1006 521 1143 605 pecunia
1161 520 1288 585 venisse
1307 541 1382 584 sen-

205 615 332 695 serunt,
355 611 488 676 insidias
515 610 663 676 fecerunt
687 631 801 694 eaque,
825 630 906 694 quae
930 612 1136 693 apportarat,
1163 609 1383 692 abstulerunt,
1475 685 1476 688 Ἴ

46 721 50 729 ·
169 700 312 783 eipsum
336 721 448 784 capere
471 720 536 763 uon
560 702 747 783 potuerunt.
792 697 851 761 Ille
874 718 1007 763 cernens
1030 698 1156 762 nullum
1183 698 1292 762 locum
1316 697 1383 761 sibi

204 791 312 853 tutum
326 788 360 852 in
375 786 511 854 Graecia
528 790 661 871 propior
679 787 858 869 potentiam
872 784 1203 852 Lacedaemoniorum
1221 785 1262 850 ad
1276 784 1382 849 Phar-

204 876 366 941 nabazum
387 876 422 941 in
445 876 559 940 Asiam
582 875 730 940 transiit:
754 896 849 959 quem
873 874 1002 958 quidem
1025 873 1105 940 adeo
1129 895 1187 939 sua
1210 875 1299 958 cepit
1321 874 1381 938 hu·

204 965 378 1047 inanitate,
401 967 438 1029 ut
461 986 534 1029 eum
557 985 651 1029 nemo
675 963 710 1027 in
732 962 877 1028 amicitia
900 962 1112 1027 antecederet
1157 960 1308 1046 Namque
1336 962 1380 1027 ab

204 1074 242 1118 eo
267 1052 425 1138 Grynium
449 1055 631 1135 acceperat,
654 1074 694 1117 ex
718 1073 781 1135 quo
805 1051 1032 1136 quinquagena
1060 1051 1186 1116 talenta
1208 1052 1379 1136 vectigalis

167 1143 361 1224 ecapiebat.
407 1140 478 1217 Qua
504 1140 638 1206 fortuna
665 1138 852 1205 Alcibiades
879 1161 946 1204 non
973 1145 1045 1205 erat
1071 1142 1242 1205 contentus
1273 1160 1379 1224 neque

203 1230 350 1296 Athenas
374 1229 476 1295 victas
500 1227 763 1294 Lacedaemoniis
789 1228 908 1293 servire
931 1231 1060 1313 poterat
1082 1228 1161 1311 pati.
1197 1226 1314 1313 Itaque
1338 1228 1380 1293 ad
1469 1287 1475 1300 ,

168 1319 343 1403 epatriam
371 1315 572 1383 liberandam
596 1317 686 1381 omni
712 1315 878 1381 ferebatur
909 1316 1116 1400 cogitatione.
1162 1313 1224 1380 Sed
1247 1315 1381 1381 videbat

203 1408 236 1471 id
260 1406 329 1471 sine
348 1426 425 1489 rege
444 1402 589 1490 Perse²²)
612 1426 678 1469 non
696 1426 793 1488 posse
811 1404 891 1487 fieri,
908 1404 1044 1488 ideoque
1063 1426 1137 1469 eum
1156 1404 1296 1469 amicum
1317 1405 1382 1469 sibi

203 1494 355 1579 cupiebat
382 1494 515 1578 adiungi
542 1515 645 1577 neque
672 1493 704 1556 id
733 1492 905 1557 dubitabat
931 1492 1027 1557 facile
1056 1514 1091 1557 se
1120 1497 1381 1578 consecuturum,

204 1584 232 1648 si
255 1584 351 1647 modo
375 1583 445 1646 eius
468 1581 683 1647 conveniundi
710 1581 881 1646 habuisset
903 1584 1109 1663 potestatem.
1145 1578 1233 1645 Nam
1256 1579 1380 1665 Cyrum

203 1671 337 1735 fratrem
369 1672 399 1734 ei
429 1670 553 1735 bellum
587 1670 672 1734 clam
703 1690 820 1753 parare
851 1667 1115 1734 Lacedaemoniis
1147 1669 1379 1735 adiuvantibus
1474 1735 1477 1744 ,

205 1760 342 1825 sciebat:
365 1759 399 1823 id
418 1759 446 1823 si
464 1758 654 1843 aperuisset,
677 1778 829 1842 magnam
849 1778 883 1821 se
901 1756 1058 1822 initurum
1077 1756 1216 1842 gratiam
1236 1757 1378 1823 videbat.

169 1864 183 1911 1
292 1847 332 1913 X.
368 1846 440 1912 Hoc
464 1868 537 1912 cum
565 1847 733 1912 moliretur
747 1849 947 1931 *peteretque
975 1844 1243 1928 aPharnabaao,
1271 1850 1310 1911 ut
1339 1846 1380 1912 ad

202 1957 313 2020 regem
345 1937 544 2018 mitteretur,
573 1935 685 2000 eodem
717 1937 864 2017 tempore
893 1931 1012 1999 Critias
1044 1935 1204 2018 ceterique
1234 1937 1276 2014 [a.
1296 1935 1376 2016 404]

203 2025 337 2108 tyranni
357 2023 604 2089 Atheniensium
624 2027 731 2088 certos
754 2021 902 2087 homines
925 2022 966 2087 ad
984 2021 1191 2106 Lysandrum
1209 2023 1242 2086 in
1261 2021 1377 2089 Asiam

203 2114 371 2195 miserant,
399 2113 454 2197 qui
478 2134 552 2177 eum
575 2113 745 2176 certiorem
768 2110 926 2193 facerent,
948 2111 1013 2175 nisi
1036 2108 1243 2176 Alcibiadem
1271 2118 1376 2177 sustu·
1476 2159 1478 2170 .

202 2202 308 2285 lisset,
330 2201 413 2266 nihil
437 2223 547 2266 earnm
571 2221 680 2264 rerum
702 2200 772 2265 fore
796 2202 912 2281 ratum,
935 2220 1015 2283 quas
1040 2200 1110 2283 ipse
1134 2199 1275 2264 Athenis
1300 2222 1376 2265 con-

204 2291 380 2355 stituissett
403 2312 516 2374 quare,
541 2289 570 2353 si
593 2310 668 2352 suas
691 2309 743 2352 res
767 2290 877 2373 gestas
901 2307 1032 2352 manere
1054 2287 1164 2371 vellet,
1190 2287 1282 2352 illum
1307 2311 1376 2374 per·

167 2394 184 2443 2
204 2383 400 2463 sequeretur.
437 2377 499 2443 His
522 2376 609 2442 Laco
633 2376 731 2441 rebus
756 2378 938 2441 commotus
963 2377 1080 2441 statuit
1103 2376 1287 2441 accuratius
1313 2376 1374 2442 sibi

204 2464 1195 2637 {tittttt{tttdlfftthtttt{ttttttt
1213 2486 1377 2620 {ttttt

169 2660 185 2708 3
204 2648 298 2708 tuum
322 2643 382 2708 sibi
406 2642 601 2707 tradidisset
632 2640 708 2706 Non
731 2642 809 2706 tulit
825 2637 957 2728 hunam)
981 2644 1127 2725 satrapes
1146 2646 1180 2706 et
1197 2663 1291 2707 suam
1310 2643 1376 2709 vio·

202 2732 264 2795 lari
287 2731 493 2796 clementiam
517 2751 614 2814 quarn
638 2729 725 2810 regis
755 2751 833 2813 opes
857 2730 960 2794 minui
982 2730 1107 2795 maluit
1143 2729 1258 2814 ltaque
1286 2731 1379 2796 misit
1478 2731 1479 2738 '

203 2818 438 2884 Susamithrsm
457 2823 490 2882 et
503 2814 716 2902 Bagaeum²⁶l
736 2818 777 2882 ad
792 2816 997 2882 Alcibiadem
1015 2818 1283 2905 interficiendum,
1303 2841 1376 2885 eum
1478 2855 1479 2882 r

167 2925 184 2973 4
203 2907 259 2972 ille
283 2911 368 2972 esset
390 2907 424 2972 in
448 2907 590 2991 Phrygia
612 2905 738 2990 iterque
762 2906 803 2970 ad
825 2927 934 2990 regem
959 2910 1170 2990 compararet.
1204 2907 1267 2984 Qui
1290 2909 1376 2973 clam

201 2996 371 3080 vicinitati,
393 2995 427 3060 in
451 2999 607 3080 quatum
631 2994 816 3059 Alcibiades
839 2999 925 3075 erat,
947 2995 1027 3059 daut
1049 2995 1218 3079 negotium
1241 2999 1279 3061 ut
1302 3019 1376 3062 eum
1478 2987 1479 3018 ³

202 3085 405 3150 interficiant.
451 3083 505 3149 Illi
528 3106 601 3148 cum
624 3083 710 3149 ferro
734 3106 808 3148 eum
832 3083 967 3168 aggredi
990 3104 1056 3147 nou
1079 3083 1249 3168 auderent,
1277 3089 1377 3150 noctu
1478 3101 1479 3148 ἰ

201 3174 291 3259 ligna
314 3174 523 3239 contulerunt
545 3173 631 3237 circa
651 3194 770 3257 oasam,
793 3173 828 3237 in
847 3193 911 3256 qua
929 3170 1123 3256 quiescebat,
1146 3193 1281 3257 eamque
1305 3195 1376 3239 suc

203 3263 387 3345 cenderuut,
410 3266 448 3326 ut
469 3260 618 3327 incendio
639 3262 842 3343 conficerent,
866 3281 961 3344 quem
986 3281 1084 3324 mauu
1107 3262 1254 3343 superari
1277 3283 1377 3344 posse
1478 3257 1479 3324 l

166 3350 401 3415 tdiffidebant.
447 3348 508 3414 Ille
536 3353 645 3413 autem
676 3352 712 3412 ut
735 3350 843 3413 souitu
867 3348 1015 3412 flammae
1039 3353 1089 3413 est
1112 3349 1288 3433 excitatus,
1312 3349 1378 3415 etsi.

202 3439 329 3525 gladius
345 3439 459 3503 eierat
477 3437 662 3517 subductus,
680 3436 850 3500 familiaris
871 3436 921 3499 sui
940 3436 1090 3500 subalare
1108 3436 1209 3501 telum
1225 3440 1373 3523 arripuit.

200 3527 350 3610 Namque
370 3530 441 3590 erat
459 3546 530 3589 cum
550 3546 587 3588 eo
608 3524 740 3607 quidam
759 3546 798 3588 ex
817 3523 956 3588 Arcadia
973 3524 1104 3609 hospes,
1123 3524 1178 3609 qui
1196 3547 1374 3611 numquam

200 3615 362 3681 discedere
391 3614 431 3679 ab
460 3636 496 3678 eo
524 3612 680 3677 voluerat.
726 3611 822 3677 Hunc
854 3612 945 3696 sequi
974 3634 1007 3677 se
1039 3613 1131 3678 iubet
1158 3618 1191 3679 et
1222 3613 1255 3678 id
1290 3614 1375 3699 quod

202 3704 470 3770 vestimentorum
497 3704 610 3785 posset
640 3700 763 3765 afferre.
807 3700 869 3765 His
892 3702 925 3765 in
950 3700 1061 3785 ignem
1090 3701 1199 3766 eiectis
1223 3702 1373 3768 flammae

202 347 276 411 loca
306 345 370 411 sibi
397 346 586 430 arbitratus,
613 343 744 430 penitus
771 344 806 408 in
829 343 1022 409 Thraeciam
1049 365 1084 408 se
1112 365 1211 427 supra
1233 342 1383 426 Propon·
1468 339 1476 684 Ι

239 3910 274 3982 ¹¹)
292 3913 461 3993 Artaxerxes
469 3911 601 3966 Mnemon
609 3914 760 3963 eos-359.
852 3909 887 3980 l⁴)
904 3908 937 3993 D.
947 3910 975 3964 h.
986 3911 1131 3992 erlronnte
1141 3912 1237 3966 seinen
1248 3912 1375 3968 Drohun·

220 3981 273 4107 d
287 3979 762 4119 tererestereres
814 3980 1196 4106 recursura
1215 3970 1374 4109 truh
1467 4025 1469 4032 ’

200 4093 293 4178 Lac.“.
306 4122 522 4178 DerAusdruclr
530 4120 762 4246 gehbrtderVul·
815 4069 849 4175 iu
867 4121 939 4178 Mitt.
958 4123 980 4190 1,
998 4127 1024 4175 4.
1092 4069 1111 4121 g
1233 4070 1272 4122 g.

200 4193 371 4316 Btrsprache
386 4210 431 4248 an.
450 4192 515 4276 Ygl.
553 4193 588 4248 iv.
596 4192 673 4274 ‚mla
681 4198 724 4260 25,
735 4197 761 4245 3.
852 4262 876 4295 η
1066 4262 1072 4274 .
1152 4263 1158 4275 ι

227 4263 431 4343 agegenfindqt
440 4266 500 4317 srch
509 4280 554 4317 res
565 4262 635 4316 m1h1
645 4265 688 4316 est
698 4279 761 4317 cum
876 4267 886 4331 )
905 4263 989 4317 Jener
1004 4262 1111 4331 Oherm,
1131 4263 1222 4318 dieser
1236 4267 1373 4321 unechter

201 4333 297 4402 aliquo
315 4333 387 4387 auch
406 4349 437 4387 ru
455 4331 506 4387 der
523 4335 624 4388 beaten
642 4332 737 4387 Prosa.
814 4332 921 4388 Bruder
940 4332 989 4388 des
1007 4332 1212 4389 Pharnabazus.
