2959 4759
566 208 612 262 VI.
639 206 844 263 LYSANDER.
867 214 892 263 2.
908 214 932 263 3.
1291 209 1333 274 19

155 371 251 459 agris
269 370 505 455 dispalatorum
523 392 623 436 naves
641 371 675 435 in
693 370 839 435 hostium
858 369 1007 435 venirent
1024 373 1230 454 potestatem.
1261 369 1331 447 Quo

155 461 248 527 facto
272 458 488 524 Athenienses
513 481 547 523 se
570 457 837 524 Lacedaemoniis
861 457 1059 523 dediderunt.
1104 458 1175 524 Hac
1200 460 1370 541 [a.404]3

154 549 297 615 victoria
326 547 492 632 Lysander
519 548 637 626 elatus,
661 568 733 613 cnm
762 551 858 612 antea
888 569 1014 632 semper
1037 546 1192 613 factiosus
1216 548 1334 613 audax·

155 661 222 724 que
241 637 365 719 fnisset,
388 636 434 700 sie
453 637 517 700 sibi
536 636 682 719 indulsit,
704 639 743 700 ut
761 637 830 700 eius
850 657 948 720 opera
971 636 1006 700 in
1025 636 1203 701 maximum
1222 637 1332 701 odium

155 727 313 792 Graeciae
340 723 586 790 Lacedaemonii
613 725 825 808 pervenirent.
870 722 957 789 Nam
984 746 1057 789 cum
1086 724 1170 789 hanc
1200 739 1370 790 causam4

152 814 408 879 Lacedaemonii
431 812 638 878 dictitassent
660 813 723 877 sibi
743 834 812 877 esse
835 812 925 897 belli,
947 817 984 876 ut
1002 812 1251 877 Atheniensium
1273 814 1331 878 im·

153 898 361 989 potentem²)
397 902 652 967 dominationem
688 901 918 985 refringerent,
956 899 1123 985 Lysander
1158 906 1331 986 postquam

155 992 246 1076 apud
277 992 387 1075 Aegos
418 990 538 1054 flumen
570 990 674 1054 classe
702 990 848 1054 hostium
880 995 930 1055 est
957 991 1094 1072 potitus,
1125 990 1207 1053 nihil
1244 990 1332 1056 aliud

153 1080 293 1145 molitus
317 1084 375 1161 est,
399 1100 497 1163 quam
520 1081 557 1142 ut
576 1098 688 1143 omnes
707 1078 856 1143 civitates
874 1077 909 1141 in
932 1099 991 1141 sua
1013 1081 1138 1142 teneret
1158 1082 1331 1162 potestate,

154 1191 233 1234 cum
256 1168 288 1232 id
313 1190 347 1233 se
370 1166 697 1231 Lacedaemoniorum
716 1188 815 1231 causa
836 1165 943 1231 facere
968 1166 1144 1230 simularet
1181 1166 1330 1250 Namque
1349 1179 1367 1229 a

154 1257 313 1341 undique,
341 1256 397 1340 qui
420 1254 668 1319 Atheniensium
695 1256 792 1319 rebus
823 1254 1038 1337 studuissent,
1065 1252 1193 1338 eiectis,
1223 1255 1332 1319 decem

155 1341 355 1429 delegerat³)
383 1345 418 1407 in
440 1364 634 1427 unaquaque
657 1342 803 1420 civitate,
827 1343 943 1427 quibus
973 1364 1135 1407 summum
1158 1342 1331 1428 imperium

153 1437 418 1518 potestatemque
441 1432 586 1495 omnium
609 1453 717 1495 rerum
740 1432 966 1496 committeret.
1011 1430 1137 1496 Horum
1159 1432 1194 1495 in
1221 1453 1331 1495 nume·

153 1544 232 1587 rum
250 1542 346 1586 nemo
365 1519 608 1601 admittebatur,
629 1519 694 1584 nisi
713 1520 768 1603 qui
787 1524 845 1584 aut
863 1520 931 1584 eius
951 1519 1094 1602 hospitio
1113 1520 1332 1584 contineretur

153 1614 217 1675 aut
239 1632 273 1674 se
296 1610 386 1674 illins
409 1608 478 1672 fore
501 1608 669 1693 proprium
691 1608 755 1671 fide
778 1608 1010 1673 confirmasset.

246 1697 288 1762 II.
325 1697 376 1761 Ita
400 1697 604 1761 decemvirali
625 1698 790 1780 potestate
817 1697 852 1760 in
875 1696 1025 1761 omnibus
1053 1696 1187 1761 urbibus
1211 1697 1364 1761 consti-1

152 1790 231 1852 tuta
257 1785 361 1870 ipsius
389 1788 471 1849 nutu
494 1784 606 1848 omnia
633 1784 838 1868 gerebantur.
884 1782 983 1849 Cuius
1012 1785 1051 1849 de
1074 1784 1265 1850 crudelitate
1295 1806 1332 1849 ac

152 1874 307 1960 perfidia,
328 1895 369 1938 ne
391 1873 487 1958 plura
510 1872 726 1937 enumerando
759 1872 974 1957 defatigemus
996 1873 1148 1955 lectores,
1176 1874 1255 1937 satis
1286 1874 1330 1937 sit

153 1985 257 2029 unam
284 1984 354 2027 rem
381 1959 521 2045 exempli
549 1961 656 2045 gratia
683 1962 834 2045 proferre.
880 1960 995 2026 Victor
1022 1983 1060 2025 ex
1083 1961 1164 2026 Asia
1194 1963 1235 2041 [a.
1249 1961 1366 2042 404]s

154 2073 231 2118 cum
253 2054 470 2116 reverteretur
488 2048 698 2134 Thasumque
721 2049 914 2173 divertisset,
937 2050 1023 2134 quod
1043 2071 1082 2114 ea
1104 2050 1218 2115 civitas
1240 2071 1331 2134 prae·

154 2139 338 2293 Alth}
360 2135 806 2311 tlttttttlttfflt
825 2137 1020 2292 latt'tt
1036 2138 1330 2309 ttsssnttltt

153 2320 341 2402 pervertere
364 2337 436 2380 eam
459 2314 653 2398 concupivit.
693 2313 784 2379 Vidit
807 2318 924 2392 autem,
942 2315 1007 2380 nisi
1025 2316 1060 2380 in
1078 2337 1116 2380 eo
1137 2317 1330 2381 occultasset
1348 2327 1364 2378 3

153 2406 371 2487 voluntatem,
393 2403 538 2468 futurum
561 2406 599 2467 ut
617 2402 731 2467 Thasii
750 2404 969 2468 dilaberentur
990 2404 1151 2488 rebusque
1170 2404 1237 2468 suis
1256 2425 1331 2468 con·

155 2496 308 2559 sulerent
350 2493 464 2576 Itaque
487 2491 554 2555 illis
576 2491 611 2554 in
633 2490 784 2556 Herculis
806 2493 966 2577 templum
989 2492 1176 2557 convocatis
1199 2493 1329 2576 plenam

153 2584 203 2648 ihi
235 2581 449 2647 humanitatis
481 2580 661 2645 orationem
691 2580 823 2666 habuit,
850 2603 915 2665 qua
942 2602 1049 2646 rernm
1077 2583 1153 2645 ante
1183 2585 1330 2645 actarum

155 2672 285 2736 veniam
308 2671 393 2735 ultro
416 2668 581 2753 pollicitus
604 2673 748 2734 metuere
771 2691 827 2734 eos
845 2669 950 2735 vetuit
972 2669 1131 2754 deumque
1153 2670 1227 2734 fidei
1253 2691 1329 2734 suae

155 2763 276 2825 testem
300 2759 459 2823 adhibuit.
491 2754 616 2832 Quibus
635 2757 763 2839 auditis,
786 2780 859 2823 cum
878 2760 911 2822 et
930 2759 986 2841 qui
1005 2758 1139 2823 aderant
1157 2758 1241 2822 fictis
1261 2759 1330 2823 eius

155 2849 264 2915 verbis
288 2846 511 2928 credidissent,
533 2849 567 2909 et
590 2845 646 2930 qui
669 2846 833 2911 latuerant
855 2850 944 2910 metu
968 2847 1067 2911 soluti
1092 2846 1328 2930 convenissent,

155 2958 269 3003 omnes
291 2937 414 3019 pariter
436 2938 512 3019 post
534 2934 660 3018 aliquot
683 2934 751 2998 dies
774 2935 865 2999 iussu
889 2934 957 2999 eius
980 2937 1056 2999 sunt
1078 2935 1240 2999 trucidati.

244 3023 305 3089 ΠΙ.
332 3023 442 3108 Atque
460 3023 523 3087 hoc
545 3022 618 3087 loco
638 3043 706 3086 non
724 3025 775 3086 est
797 3023 1066 3105 praetereundum
1088 3021 1212 3087 factum
1229 3022 1364 3087 Phar-1

155 3114 280 3195 nabazi,
304 3112 444 3195 satrapis
468 3110 557 3195 regii.
589 3108 674 3173 Nam
698 3131 772 3174 cnm
796 3108 962 3194 Lysander
984 3109 1167 3193 praefectus
1192 3112 1234 3190 [a.
1248 3110 1327 3191 404]

154 3201 255 3268 classi
285 3202 319 3264 in
350 3200 435 3265 bello
469 3199 572 3263 multa
602 3198 775 3262 crudeliter
807 3219 965 3282 avareque
996 3198 1126 3263 fecisset
1156 3198 1257 3282 deque
1288 3199 1330 3263 iis

153 3292 254 3357 rebus
278 3289 496 3374 suspicaretur
519 3288 559 3352 ad
578 3286 664 3351 cives
689 3309 764 3352 suos
784 3309 854 3352 esse
877 3288 1050 3371 perlatum,
1073 3287 1170 3370 petiit
1192 3286 1330 3351 aPhar·

153 3380 281 3445 nabauo
309 3383 347 3443 ut
369 3376 409 3442 ad
434 3376 574 3460 ephoros
598 3375 660 3440 sibi
683 3375 909 3441 testimonium
932 3375 1038 3461 daret,
1061 3378 1183 3460 quanta
1211 3375 1328 3441 sancti·

153 3472 223 3534 tate
242 3467 364 3533 bellum
383 3465 540 3550 gessisset
558 3464 726 3547 sociosque
745 3468 927 3548 tractasset,
946 3464 1048 3549 deque
1067 3485 1106 3529 ea
1124 3486 1159 3529 re
1179 3467 1329 3529 accurate

156 3556 327 3622 scriberet:
354 3573 508 3639 magnam
531 3553 618 3618 enim
646 3552 715 3617 eius
745 3553 975 3619 auctoritatem
1001 3554 1036 3618 in
1059 3574 1097 3618 ea
1119 3574 1154 3617 re
1177 3552 1329 3618 futuram.

154 3644 193 3709 Id
220 3644 276 3709 ille
304 3641 485 3708 liberaliter
511 3641 699 3724 pollicetur:
727 3642 848 3707 librum
876 3643 1031 3727 grandem
1061 3640 1265 3726 conscripsit,
1295 3641 1364 3706 ina

155 3754 219 3818 quo
240 3733 377 3798 summis
396 3752 470 3795 eum
489 3730 581 3794 effert
599 3729 760 3795 laudibus.
792 3728 896 3806 Quem
915 3753 988 3796 enm
1006 3730 1171 3814 Lysander
1195 3729 1330 3815 legisset

154 3823 401 3906 probassetque,
424 3818 500 3883 dum
524 3819 682 3904 signatur,
705 3820 845 3884 alterum
874 3820 931 3884 ille
953 3819 1025 3904 pari
1050 3819 1273 3904 magnitudine
1297 3823 1330 3884 et

191 4011 215 4081 ²)
233 4010 487 4080 ‚,Schrankenlos“.
770 4010 848 4066 einer
874 4010 1036 4064 Ansnahme
1061 4009 1102 4083 im
1131 4011 1329 4081 peloponnesi-

193 4082 214 4154 υ)
242 4082 301 4136 Das
332 4082 529 4151 Plusquamp.,
556 4080 621 4135 weil
651 4082 715 4150 Lys.
771 4082 856 4136 schen
866 4079 968 4150 Kriege
982 4082 1155 4150 (sn-408),
1169 4082 1270 4136 immor
1279 4081 1329 4135 der

155 4153 200 4209 die
212 4152 304 4208 Sache
318 4153 405 4208 sehon
419 4150 534 4207 seitlo‘l
546 4152 717 4207 verbereitet
770 4150 954 4207 athenischen
979 4150 1158 4222 Symmachie
1184 4168 1218 4206 au
1240 4153 1329 4220 short,

155 4224 245 4279 hatte.
770 4223 814 4294 bis
845 4222 913 4276 lsura
939 4223 1012 4277 uach
1040 4222 1090 4278 der
1117 4170 1252 4278 Sahlath
1282 4222 1330 4277 bei

193 4295 215 4362 ⁴)
244 4295 353 4349 Thasus
378 4294 458 4349 hatte
477 4292 531 4349 seit
549 4293 600 4347 der
617 4291 716 4347 Unter·
770 4284 955 4363 Agospotami
972 4294 1060 4363 (405),
1080 4293 1163 4348 stand
1180 4294 1242 4349 also
1256 4292 1329 4361 jetat

156 4365 284 4435 werlung
312 4363 401 4419 durch
426 4362 524 4421 Cimon
549 4365 637 4435 (att),
663 4364 717 4418 mit
770 4362 1327 4420 bereitsanlSeitenderLaoedtmonier.

1077 4450 1114 4506 2*
