2959 4759
19 4441 21 4568 l

475 224 562 280 xxn.
590 223 791 280 HANNIBAL.
815 231 902 281 a-s.
1231 225 1273 291 79

104 409 178 490 cum
199 384 360 491 quideml)
379 387 502 453 bellum
519 388 660 504 parabis,
678 391 711 453 te
729 389 837 472 ipsum
856 388 1073 473 frustraberis,
1092 390 1120 453 si
1137 411 1204 454 non
1223 411 1274 453 me

101 499 135 541 m
161 497 262 629 eOIII)r
263 498 570 650 llllldlessrttdsbhrds
579 526 717 630 diximus
741 568 847 631 aetate
871 588 943 631 cum
966 570 1057 649 patre
1080 567 1116 630 in
1139 568 1180 647 [a.
1194 566 1309 648 237]1

100 652 297 738 Hispaniam
311 654 473 738 profectus
492 660 554 720 est:
574 654 664 719 cuius
679 659 756 738 post
774 655 908 739 obitum,
923 654 1126 720 Hasdrubale
1142 657 1183 736 [a.
1194 656 1272 737 229]

100 744 299 826 imperatore
318 743 461 827 suffecto,
480 743 639 828 equitatui
658 744 748 808 omni
766 743 916 829 praefuit.
944 742 1016 809 Hoc
1031 766 1158 830 quoque
1176 745 1273 809 inter-

101 831 188 896 fecto
218 835 374 897 exereitus
399 854 558 898 summam
584 830 712 915 imperii
735 834 774 896 ad
804 854 877 897 eum
901 832 1026 897 detulit.
1070 831 1108 896 Id
1134 834 1175 913 [a.
1194 830 1272 919 221]

102 919 338 1004 Carthaginem
357 920 500 986 delatum
519 921 646 1005 publice
670 921 918 1006 comprohatum
942 924 1000 985 est.
1037 918 1090 986 Sic
1108 920 1274 985 Hannibal
1292 938 1308 985 a

101 1009 212 1073 minor
240 1030 296 1073 sex
323 1013 356 1074 et
383 1010 501 1095 viginti
529 1030 630 1074 annos
660 1013 757 1074 natus
785 1010 963 1094 imperator
992 1009 1098 1074 faetus
1125 1011 1273 1094 proximo

100 1098 242 1162 triennio
273 1119 385 1163 omnes
418 1102 531 1184 gentes
563 1098 742 1181 Hispaniae
774 1098 860 1164 hello
898 1098 1046 1183 subegit:
1084 1096 1273 1183 Saguntum,

100 1183 338 1272 foederatam⁸)
365 1187 543 1269 civitatem,
565 1189 598 1251 vi
621 1188 833 1272 expugnavit,
857 1192 924 1251 tres
949 1188 1108 1251 exercitus
1132 1188 1174 1267 [a.
1192 1186 1271 1267 219]

100 1274 262 1339 maximos
286 1276 496 1359 comparavit.
534 1275 586 1341 Hx
603 1274 655 1340 his
674 1297 774 1340 unum
798 1277 833 1339 in
846 1274 993 1340 Africam
1011 1276 1111 1359 misit,
1134 1277 1273 1340 alterum
1292 1294 1308 1341 3

50 1433 54 1440 ,
102 1385 174 1429 cum
194 1363 399 1428 Hasdrubale
417 1363 518 1429 fratre
539 1364 573 1430 in
591 1363 753 1448 Hispania
775 1364 915 1448 reliquit,
938 1365 1071 1429 tertium
1090 1364 1125 1428 iu
1144 1364 1273 1429 Italiam

102 1474 212 1518 secum
232 1452 330 1517 duxit
368 1449 496 1517 Saltum
510 1452 713 1537 Pyrenaeum
731 1453 875 1517 transiit.
909 1450 1116 1537 Quacumque
1136 1455 1178 1534 [a.
1192 1453 1272 1532 218]

103 1541 167 1605 iter
189 1542 276 1624 fecit,
299 1562 372 1606 cum
396 1541 546 1607 omnihus
569 1541 683 1607 ineolis
707 1541 866 1607 conflixit:
889 1542 1051 1606 neminem
1069 1542 1133 1606 nisi
1151 1543 1272 1607 vietum

102 1630 235 1697 dimisit.
282 1630 334 1693 Ad
358 1631 458 1714 Alpes
481 1635 693 1715 posteaquam
716 1630 815 1712 venit,
838 1651 920 1715 quae
944 1629 1075 1694 Italiam
1100 1630 1141 1694 ab
1166 1629 1309 1694 Gallia4

101 1719 288 1804 seiungunt,
311 1740 391 1803 quas
413 1739 509 1783 nemo
532 1741 687 1804 umquam
710 1740 783 1783 cum
808 1719 949 1783 exercitu
972 1722 1047 1782 ante
1070 1739 1144 1782 eum
1166 1722 1272 1783 trans-

97 1808 195 1892 ierat,
228 1805 360 1892 Alpicos
393 1810 546 1873 conantes
575 1829 608 1872 se
640 1808 812 1891 prohibere
843 1808 983 1872 transitu
1014 1807 1167 1891 concidit,
1200 1808 1272 1872 loca

98 1895 270 1979 patefecit,
297 1896 416 1960 itinera
443 1896 574 1980 muniit,
602 1896 771 1980 effecitque
798 1898 835 1959 ut
858 1917 896 1959 ea
924 1896 1114 1979 elephantus
1138 1900 1271 1960 ornatus

97 1983 147 2048 ire
168 1990 286 2069 posset,
306 2007 370 2070 qua
393 1988 489 2049 antea
512 2006 596 2049 unus
619 1985 717 2050 homo
739 1984 871 2049 inarmis
890 1985 944 2048 vix
961 1988 1094 2069 poterat
1115 1982 1271 2070 repere9).

99 2072 172 2139 Hac
196 2074 306 2157 copias
329 2074 473 2138 traduxit
495 2074 529 2138 in
551 2071 745 2156 Italiamque
768 2072 923 2157 pervenit.

189 2161 246 2226 IV.
278 2159 476 2227 Conflixerat
495 2162 578 2246 apud
598 2161 792 2226 Rhodanum
815 2184 888 2227 cum
906 2161 941 2226 P.
956 2159 1107 2227 Cornelio
1121 2160 1270 2246 Scipione
1291 2180 1305 2226 1

99 2252 231 2316 consule
268 2272 404 2335 eumque
441 2248 661 2336 pepuleratffl).
712 2247 794 2315 Cum
831 2251 943 2315 eodem
980 2250 1066 2334 apud
1098 2249 1222 2315 Padum
1231 2248 1270 2336 ²¹)

99 2340 245 2405 decernit
276 2342 485 2425 sauciumque
517 2341 591 2405 inde
623 2362 661 2405 ae
689 2339 839 2424 fugatum
867 2340 1011 2404 dimittit.
1056 2337 1166 2404 Tertio
1197 2357 1305 2404 cuma

98 2428 185 2493 idem
213 2426 321 2513 Scipio
349 2450 421 2494 cum
452 2428 578 2514 collega
607 2427 656 2493 Ti.
679 2427 793 2512 Longo
827 2429 911 2513 apud
935 2427 1087 2492 Trebiam
1117 2426 1270 2493 adversus

98 2538 172 2582 eum
191 2517 343 2596 venisset,
366 2539 463 2582 manu
487 2522 636 2583 conserta
658 2514 858 2602 utrosque¹²)
881 2517 1078 2602 profligavit.
1114 2515 1194 2581 Inde
1212 2539 1271 2602 per

96 2603 234 2691 Ligures
245 2604 473 2691 Appenninum
496 2606 637 2691 transiit,
650 2610 765 2692 petens
777 2605 951 2671 Etruriam.
985 2604 1056 2670 Hoc
1078 2604 1112 2670 in
1133 2607 1175 2686 [a.
1190 2606 1268 2686 217]
1289 2624 1305 2673 3

99 2694 216 2759 itinere
231 2694 310 2759 adeo
325 2696 416 2780 gravi
431 2697 545 2761 morbo
561 2696 710 2761 adficitur
725 2695 900 2777 oculorum,
915 2699 952 2760 ut
965 2697 1079 2780 postea
1093 2716 1269 2779 numquam

97 2782 211 2848 dextro
240 2805 342 2868 aeque
369 2786 452 2850 hene
478 2807 556 2849 usus
584 2786 635 2850 sit.
682 2784 752 2861 Qua
779 2784 965 2849 valetudine
996 2806 1069 2849 cum
1100 2783 1268 2849 etiamtum

97 2875 300 2953 premeretur
328 2873 505 2955 lecticaque
532 2872 679 2955 ferretur,
707 2870 741 2938 O.
764 2871 960 2937 Flaminium
988 2872 1153 2937 consulem
1185 2872 1270 2957 apud

98 2958 359 3022 Trasumennum
374 2982 446 3023 oum
461 2962 602 3023 exercitu
615 2958 741 3023 insidiis
758 2960 1013 3024 circumventum
1028 2961 1153 3043 occidit,
1166 2982 1269 3044 neque

97 3043 202 3108 multo
231 3047 307 3129 post
335 3046 369 3110 in
391 3045 530 3111 Umbria
557 3044 590 3110 Ο.
616 3046 806 3112 Centenium
831 3070 850 3112 a
873 3046 1008 3112 Servilio
1037 3049 1168 3112 consule
1197 3071 1269 3112 cum

98 3132 223 3197 delecta
251 3155 349 3197 manu
373 3135 492 3199 auxilio
521 3135 570 3199 illi
593 3135 735 3199 missum.
782 3134 880 3220 Hine,
906 3140 943 3199 ut
966 3136 1071 3200 socios
1092 3134 1225 3201 Italicos
1249 3159 1269 3200 a
1288 3154 1306 3202 4

96 3220 321 3288 Romanorum
349 3222 493 3289 amicitia
521 3227 697 3308 averteret,
725 3224 766 3288 ad
793 3246 883 3287 mare
911 3223 1080 3308 Superum,
1109 3224 1184 3289 inde
1212 3247 1269 3309 per

96 3312 252 3395 Apuliam
277 3318 310 3377 et
333 3309 500 3377 Samnium
522 3314 555 3377 in
581 3332 695 3397 agrum
719 3309 921 3395 Campanum
943 3314 1097 3397 pervenit.

185 3398 226 3466 V.
258 3400 341 3467 Cum
360 3406 469 3468 autem
486 3402 522 3466 in
540 3399 707 3467 Samnium
726 3404 956 3487 reverteretur,
973 3400 1010 3478 Q.
1028 3401 1148 3467 Fabius
1167 3400 1269 3466 Maxi·
1289 3420 1303 3468 1

136 3608 156 3677 ⁷)
176 3608 270 3664 Duroh
289 3612 403 3679 quidem
421 3610 492 3666 wird
513 3628 575 3694 oum
593 3612 656 3667 her·
748 3611 782 3681 ¹⁰)
796 3611 1040 3666 Dieswarnurein
1047 3610 1267 3667 kleinasReiter·

96 3679 289 3750 corgehobeu,
317 3699 348 3736 so
372 3682 434 3737 dass
457 3699 486 3736 as
511 3700 572 3737 eme
596 3688 656 3738 ent·
709 3681 831 3752 gesecht.
881 3682 962 3737 Denn
994 3683 1058 3737 dem
1090 3684 1268 3752 Hauptheara

96 3753 317 3832 gegensetzanda
336 3753 418 3809 Kratt
436 3753 569 3864 gewinnt,
710 3754 759 3807 des
777 3752 881 3824 Scipio,
900 3755 950 3809 der
967 3753 1109 3808 Hannibal
1127 3753 1180 3808 den
1194 3754 1268 3823 Weg

133 3859 155 3925 ⁸>
173 3857 225 3912 oa
240 3859 324 3913 saa
341 3876 399 3914 nr
413 3859 523 3914 sara
544 3832 655 3915 orlaa
708 3824 1149 3965 titulallttrrdrttl
1162 3823 1267 3966 lilii

97 3926 145 3983 der
162 3930 272 3984 thmer'
708 3965 836 4021 Hundert
853 3965 950 4021 Reiter
972 3982 1067 4022 waren
1089 3983 1143 4022 von
1165 3966 1267 4022 beiden

132 4036 154 4104 ⁹)
197 4036 381 4092 Rhetorische
440 4027 654 4119 llbertraibung.
710 4036 805 4092 Seiten
819 4039 870 4092 aul
880 4037 1056 4119 Kundschaft
1069 4053 1268 4109 ausgegangen

96 4105 200 4161 Waren
220 4108 293 4162 doch
312 4106 396 4176 lange
415 4108 516 4162 vorher
530 4107 576 4161 dre
591 4108 655 4163 Gal·
708 4106 767 4162 und
786 4124 873 4178 rogen
892 4108 953 4162 sich
971 4110 1044 4163 nach
1066 4109 1130 4163 dem
1149 4109 1268 4164 Gelecht

96 4176 148 4231 lier
174 4178 243 4233 fiber
271 4178 316 4233 die
339 4178 430 4249 Alpen
456 4178 530 4234 nauh
553 4178 655 4235 Italian
708 4196 743 4233 ru
762 4179 816 4233 den
833 4178 946 4249 Ihrigen
962 4180 1074 4234 zurich

96 4247 275 4318 gekommen,
303 4251 361 4305 und
388 4262 461 4305 rwar
482 4251 512 4304 in
539 4249 654 4306 wieder·
748 4250 781 4318 ¹¹)
799 4248 927 4305 Genauer
945 4267 990 4305 am
1009 4250 1131 4308 Ticinus.

19 4317 21 4382 l
97 4318 413 4391 holteanlkerzrigan.
440 4320 601 4392 Vgl.An1n.
620 4341 655 4376 zu
747 4320 781 4391 Π)
800 4320 852 4376 Die
861 4321 1063 4391 'l'ruppensind
1073 4322 1266 4392 mitgemeint.

95 4389 174 4446 Eum.
193 4389 267 4460 XIII,
287 4397 312 4447 2.
708 4392 773 4462 Vgl.
792 4391 855 4448 Dat.
873 4392 924 4461 XI,
944 4399 968 4448 2.
