2959 4759
197 177 241 241 96
635 178 798 235 ΑῚἯΟυε.
822 185 864 234 ar.
885 184 927 232 aa.

196 339 279 404 nihil
310 360 440 405 necesse
476 343 526 405 est
562 341 710 426 pluribus
747 341 855 406 verbis
891 362 1158 425 commemorare,
1195 363 1246 406 me
1282 342 1365 406 nibil

196 428 314 512 reliqui
348 427 476 511 fecisse,
508 430 593 513 quod
630 430 670 494 ad
702 429 883 495 sanandum
918 451 969 494 me
1000 430 1187 513 pertineret.
1241 430 1366 507 Quibus

197 518 359 602 quoniam,
377 520 413 581 ut
432 539 536 602 spero,
560 516 713 602 satisfeci,
735 519 896 604 reliquum
918 521 1021 583 estut
1040 522 1168 603 egomet
1186 517 1267 583 mihi
1291 540 1366 584 con·
1468 564 1471 568 -

161 623 177 671 c
197 606 310 670 sulam.
353 604 391 670 Id
414 628 473 671 ros
501 607 653 692 ignorare
681 607 786 674 nolui:
816 629 893 672 nam
916 605 997 671 mihi
1020 609 1089 671 stat
1111 607 1196 672 alere
1218 607 1368 673 morbum

196 694 350 760 desinere.
394 692 542 779 Namque
569 695 620 760 his
648 695 762 761 diebus
791 694 946 781 quidquid
969 694 1034 760 cibi
1057 695 1194 779 sumpsi,
1222 697 1269 760 ita
1291 717 1367 779 pro·

195 783 270 847 duxi
289 783 401 866 vitam,
418 787 456 848 ut
474 785 617 849 auxerim
636 783 764 850 dolores
783 786 852 850 sine
871 805 928 869 spe
947 784 1070 849 salutis.
1107 782 1214 860 Quare
1234 785 1364 849 euobis

195 875 271 955 peto
294 871 434 955 primum
452 877 490 936 ut
507 873 651 957 probetis
670 874 841 939 consilium
859 895 976 956 meum,
994 869 1165 958 deinde⁶²),
1182 894 1224 936 ne
1242 872 1365 937 frustra
1456 914 1460 948 7

197 960 399 1027 dehortando
424 961 580 1045 impedire
603 962 774 1027 conemini.
1457 1007 1459 1016 ‚

162 1067 175 1114 r
282 1048 385 1115 XXII.
422 1049 495 1115 Hao'
520 1050 667 1116 oratione
686 1051 804 1120 ,habits
827 1052 920 1114 tante
947 1049 1132 1115 constantia
1153 1050 1243 1115 vocis
1267 1052 1365 1134 atque

195 1139 317 1221 vultus,
347 1142 385 1203 ut
416 1160 482 1203 non
515 1160 554 1203 ex
585 1140 668 1222 vita,
699 1140 756 1204 sed
788 1160 828 1203 ex
856 1137 953 1203 domo
981 1138 1017 1202 in
1043 1137 1175 1203 domum
1202 1138 1367 1203 videretur

160 1228 349 1312 emigrare,
382 1248 454 1292 cum
488 1224 664 1316 quidem⁶³)
692 1228 843 1313 Agrippa
875 1247 949 1291 eum
980 1227 1062 1291 flens
1092 1229 1188 1311 atque
1216 1227 1366 1292 osculans

196 1320 304 1379 oraret
331 1318 427 1400 atoue
455 1316 653 1400 obsecraret,
679 1338 721 1381 ne
748 1316 797 1396 id,
826 1312 955 1400 qu0d⁶⁴)
983 1318 1100 1380 natura
1126 1320 1269 1400 cogeret,
1296 1317 1368 1400 ipse

195 1425 322 1488 quoque
345 1404 408 1468 sibi
428 1405 629 1489 acceleraret,
651 1409 684 1471 et
702 1406 855 1490 quoniam
876 1408 946 1468 tum
965 1425 1092 1489 quoque
1116 1408 1226 1488 posset
1244 1409 1367 1488 tempo·

194 1488 330 1577 ribus⁶⁶)
353 1514 533 1576 superesse,
562 1516 596 1558 se
620 1494 683 1559 sibi
711 1494 842 1576 suisque
864 1497 1055 1569 reservaret,
1083 1493 1137 1555 ille
1160 1514 1271 1575 preces
1294 1493 1365 1556 eius

158 1597 175 1645 e
194 1580 358 1644 taciturna
382 1601 441 1644 sua
465 1578 684 1645 obstinatione
707 1580 876 1664 depressit.
913 1578 966 1643 Sic
984 1599 1057 1643 cum
1077 1578 1211 1643 biduum
1234 1578 1306 1644 cibo
1330 1601 1366 1644 se
1464 1600 1467 1604 ’

196 1668 416 1747 abstinuisset,
435 1667 544 1732 subito
558 1668 656 1733 febris
675 1669 809 1733 recessit
822 1667 988 1751 leuiorque
1006 1667 1140 1732 morbus
1160 1689 1231 1731 esse
1249 1667 1366 1751 eoepit.

195 1755 320 1821 Tamen
346 1756 560 1859 propositum·
580 1756 683 1859 nihilo
710 1757 811 1821 setius
830 1758 974 1858 peregit.
1018 1756 1135 1858 Itacue
1162 1756 1213 1819 die
1244 1756 1368 1859 quinto,
1417 1787 1420 1790 ·

157 1845 766 2000 .&⁸th.¹.l.t⁰t¹t¹.¹.¹¹¹t.¹t.tl
779 1843 984 1999 iiiiii·
997 1842 1368 2017 tuttlrltffflet

193 2025 231 2086 ut
253 2024 323 2106 ipse
345 2024 613 2107 praescripserat,
641 2024 710 2087 sine
734 2022 800 2087 ulla
822 2044 944 2106 pompa
970 2022 1108 2107 funeris,
1134 2022 1367 2087 comitantibus

193 2111 345 2177 omnibus
368 2112 477 2195 benis,
505 2112 645 2176 maxima
667 2111 758 2197 vulgi
785 2110 975 2195 frequentia
1018 2107 1171 2194 Sepultus
1202 2114 1253 2175 est
1275 2110 1367 2175 iuxta

193 2199 280 2264 viam
304 2201 445 2285 Appiam
468 2202 509 2266 ad
532 2202 680 2286 quintum
703 2200 845 2284 lapidem
868 2200 903 2264 in
927 2202 1138 2264 monumento
1162 2198 1200 2275 Q.
1223 2197 1365 2283 Caecilii,

194 2290 347 2355 avunculi
371 2291 429 2354 sui.

231 2479 267 2549 «η
285 2479 394 2535 neenec
426 2482 503 2535 aaut
533 2481 594 2536 mer
628 2480 657 2535 in
690 2481 754 2535 rem
808 2479 884 2549 quor
906 2479 984 2534 sune
1005 2479 1078 2534 auen
1100 2478 1156 2534 cu.
1174 2478 1204 2533 in
1222 2478 1301 2533 uon.
1320 2477 1369 2546 rv,
1476 2445 1478 2450 ’

195 2550 281 2605 Sinna
299 2568 354 2606 von
372 2550 402 2606 id
416 2553 441 2607 si
458 2569 516 2608 non
528 2551 686 2621 potueritis,
701 2553 754 2607 wie
808 2556 897 2616 §¹42-
916 2549 1131 2621 vgrnrmfflr,
1150 2555 1176 2606 2.
1206 2549 1369 2620 Verg.Aeu

195 2620 316 2760 puppup]
335 2623 375 2676 im
394 2621 478 2748 Sinde
497 2622 699 2749 vonflmpxime.
808 2621 950 2747 ml⁵⁵6lle
981 2693 1040 2747 e't
1076 2691 1114 2746 ist
1145 2691 1194 2746 der
1225 2690 1370 2745 drohende

232 2763 269 2833 64>
288 2711 423 2833 Aldndubld
441 2711 701 2834 soffiibt'uabrges
715 2766 755 2819 im
809 2696 1165 2834 Burderknbdgmzwischen
1197 2760 1370 2816 Octavianus

196 2834 297 2891 Philol.
308 2834 432 2905 XXXIII,
448 2836 541 2892 S.334.
560 2834 754 2891 Dochblolses
808 2835 866 2890 und
885 2833 1031 2891 Antonius.
