2959 4759
19 2355 20 2370 ¹
117 2330 256 2394 maxime
284 2329 446 2394 nobilibus
476 2329 579 2413 ceptis
610 2329 759 2414 pedester
785 2328 959 2411 exercitus,
988 2348 1051 2410 quo

493 213 593 269 xvlu.
626 213 809 270 nunnitus.
835 220 861 269 4.
880 220 904 269 c.
1246 211 1290 276 65

105 399 237 443 summa
269 377 397 461 imperii
429 374 673 462 potirentur):4)
709 375 886 457 Eumenes,
924 376 980 460 qui
1011 397 1115 461 neque
1147 391 1325 461 magnast

106 468 219 553 copias
243 489 348 552 neque
370 466 480 531 firmas
502 467 647 547 haberet,
670 465 757 551 quod
777 487 842 530 non
866 465 970 529 multo
994 469 1070 530 ante
1094 468 1187 529 erant
1210 485 1288 529 con·

106 559 246 640 tractae,
269 556 492 642 intellegebat,
515 555 542 619 si
561 555 673 637 copiae
697 576 774 619 suae
793 557 1003 638 cognossent,
1026 553 1180 618 adversus
1205 573 1288 637 quos

105 644 312 729 ducerentur,
334 665 399 709 non
423 643 519 709 modo
536 664 603 709 non
621 644 733 726 ituras,
758 643 813 708 sed
837 642 934 707 simul
953 663 1026 708 eum
1047 642 1164 707 nuntio
1184 642 1289 725 dilap-

106 754 212 799 suras.
264 733 379 818 Itaque
411 733 472 798 hoc
500 732 530 796 ei
558 732 662 797 visum
695 734 746 796 est
777 731 1079 816 prudentissimum,
1111 735 1148 795 ut
1183 730 1324 795 deviiss

107 822 285 887 itineribus
309 821 428 886 milites
452 821 596 906 duceret,
618 821 653 884 in
677 820 793 905 quibus
816 841 892 885 vera
916 820 1024 884 audire
1053 840 1118 884 non
1144 822 1289 903 possent,

20 933 21 938 ¹
108 910 218 997 iisque
232 909 441 995 persuaderet
460 930 493 975 se
512 912 626 975 contra
640 908 797 993 quosdam
811 909 968 973 barbaros
983 908 1155 992 proficisci.
1179 909 1288 992 Atque
1308 924 1325 973 s

111 999 160 1065 sic
174 1001 281 1064 tenuit
294 999 357 1065 hoc
370 1001 584 1083 propositum,
601 1001 638 1062 ut
656 998 747 1081 prius
766 999 801 1062 in
821 999 923 1063 aciem
942 998 1118 1062 exercitum
1137 996 1289 1062 educeret

109 1089 335 1172 proeliumque
359 1087 586 1169 committeret,
605 1108 701 1171 quam
720 1087 839 1151 milites
858 1085 908 1151 sui
928 1086 1056 1167 scirent,
1075 1106 1149 1151 cnm
1169 1085 1289 1169 quibus

110 1199 203 1242 arma
226 1178 419 1243 conferrent.
455 1174 572 1241 Effecit
594 1174 693 1240 etiam
716 1175 800 1239 illud
818 1176 963 1239 locorum
986 1174 1290 1258 praeoccupatione,

20 1307 22 1322 ·
110 1268 150 1330 ut
173 1265 321 1351 equitatu
339 1265 449 1350 potius
473 1264 650 1349 dimicaret,
674 1286 736 1348 quc
757 1264 831 1348 plus
853 1263 990 1346 valebat,
1014 1285 1112 1347 quam
1131 1261 1291 1345 peditatu,

115 1375 180 1438 quo
205 1359 276 1419 erat
300 1351 500 1439 deteriore⁶).

207 1442 263 1508 IV.
287 1442 431 1519 Quorum
455 1442 611 1507 acerrimo
630 1462 787 1506 concursu
810 1462 883 1505 cum
906 1460 1062 1525 magnam
1080 1443 1207 1525 partem
1226 1438 1292 1503 diei
1313 1455 1327 1503 1

115 1535 203 1595 esset
221 1535 412 1616 pugnatum,
430 1530 516 1596 cadit
535 1527 688 1596 Craterus
708 1529 772 1594 dux
790 1533 824 1593 et
841 1527 1086 1612 Neoptolemus,
1104 1528 1159 1614 qui
1180 1548 1291 1592 secun·

117 1620 192 1684 dum
221 1621 328 1685 locum
356 1619 485 1702 imperii
512 1619 654 1685 tenebat
700 1617 851 1702 Namque
875 1617 1048 1700 Antipater
1076 1616 1201 1700 proelio
1225 1637 1292 1682 non

118 1710 284 1775 intererat.
321 1707 402 1774 Oum
420 1706 636 1793 Neoptolemo
655 1709 818 1773 concurrit
839 1707 908 1789 ipse
926 1704 1099 1770 Eumenes.
1137 1702 1199 1779 Qui
1218 1720 1328 1770 cuma

117 1798 202 1863 iuter
226 1819 260 1862 se
285 1797 443 1880 complexi
465 1797 501 1860 in
523 1800 645 1862 terram
669 1818 707 1861 ex
726 1797 818 1879 equis
837 1793 1040 1877 decidissent,
1064 1798 1101 1858 ut
1124 1792 1220 1859 facile
1242 1793 1292 1857 in·

20 1915 21 1952 t
115 1887 229 1972 tellegi
251 1891 364 1971 posset
391 1886 523 1951 inimica
545 1889 653 1950 mente
676 1905 731 1950 eos
756 1882 959 1949 contendisse
990 1883 1162 1966 animoque
1185 1881 1291 1966 magis

118 1975 218 2040 etiam
240 1994 402 2060 pugnasse
426 1995 522 2058 quam
546 1995 689 2056 corpore,
711 1993 779 2039 nou
802 1973 890 2056 prius
914 1970 1061 2036 distracti
1087 1974 1172 2053 sunt,
1196 1992 1293 2054 quam

119 2064 257 2129 alterum
284 2065 394 2129 anima
421 2063 560 2148 reliquit
605 2061 634 2128 A
658 2083 722 2146 quo
750 2062 873 2145 aliquot
901 2059 1008 2146 plagis
1031 2058 1194 2124 Eumenes
1222 2059 1294 2124 vul-

117 2156 249 2217 neratus
277 2174 317 2217 ex
344 2151 467 2236 proelio
495 2172 560 2217 non
588 2151 738 2233 excessit,
767 2150 823 2215 sed
850 2149 956 2214 acrius
983 2149 1133 2232 hostibus
1161 2147 1295 2212 institit.

19 2291 20 2300 ,
119 2238 172 2305 Sic
196 2241 358 2326 equitibus
381 2239 577 2325 profligatis,
600 2240 728 2306 amissis
752 2239 901 2320 ducibus,
929 2238 1041 2302 multis
1055 2241 1237 2390 praetereq
1260 2239 1294 2300 et
1313 2253 1328 2300 3

1102 2347 1136 2390 in
1160 2347 1197 2391 ee
1234 2346 1293 2391 oca

118 2423 189 2483 erat
211 2418 380 2501 deductus,
403 2422 440 2482 ut
463 2418 566 2484 invito
589 2418 735 2483 Eumene
758 2416 843 2480 elabi
874 2436 940 2480 non
963 2418 1092 2499 posset,
1114 2436 1226 2499 pacem
1251 2415 1291 2479 ab

19 2547 20 2576 l
117 2528 155 2572 eo
175 2507 278 2591 petiit.
316 2505 420 2582 Quam
444 2529 517 2572 cum
535 2508 753 2591 impetrasset,
771 2505 886 2571 infide
904 2525 972 2569 non
991 2504 1113 2569 mansit
1131 2509 1172 2587 et,
1196 2503 1295 2568 simul

19 2583 20 2646 l
118 2616 155 2661 ac
178 2597 300 2679 potuit,
328 2595 369 2659 ad
390 2593 602 2680 Antipatrum
628 2618 663 2661 se
690 2595 820 2678 recepit.
866 2591 1035 2659 Craterum
1060 2592 1224 2658 Eumenes
1253 2608 1331 2656 ext

117 2684 186 2750 acie
209 2684 402 2750 semivivum
429 2686 552 2750 elatum
578 2706 722 2750 recreare
746 2683 883 2749 studuit:
914 2704 988 2747 cum
1014 2681 1047 2746 id
1074 2703 1141 2747 uon
1170 2685 1289 2766 posset,

116 2794 175 2855 pro
197 2772 339 2839 hominis
363 2771 555 2861 dignitate⁶)
578 2795 702 2859 proque
725 2773 863 2855 pristina
886 2771 1029 2836 amicitia
1052 2768 1207 2858 (namque
1229 2770 1288 2835 illo

117 2882 194 2925 usus
221 2868 292 2926 erat
314 2862 496 2927 Alexandro
525 2865 599 2928 viso
626 2859 848 2946 familiariter)
884 2860 993 2944 amplo
1025 2859 1136 2925 funere
1172 2859 1289 2925 extulit

19 3023 21 3030 γ
119 2967 257 3032 ossaque
279 2949 314 3012 in
337 2949 560 3014 Macedoniam
582 2951 676 3015 uxori
699 2950 767 3014 eius
791 2970 829 3014 ao
851 2949 962 3012 liberis
985 2948 1119 3014 remisit.

210 3034 247 3099 V.
280 3034 369 3100 Haec
397 3035 472 3101 dum
501 3038 535 3101 in
561 3036 642 3102 Asia
669 3041 840 3120 geruntur,
867 3035 1036 3100 Perdiccas
1067 3036 1152 3119 apud
1180 3033 1330 3099 Nilum1

120 3123 241 3188 flumen
263 3123 457 3190 interficitur
479 3147 499 3189 a
522 3123 656 3190 Seleuco
680 3127 712 3188 et
736 3120 945 3208 Antigene⁷),
973 3144 1145 3208 rerumque
1168 3145 1295 3188 summa

121 3213 162 3277 ad
180 3212 391 3299 Antipatrum
412 3213 564 3279 defertur.
609 3213 743 3297 Ibidem,
766 3213 821 3296 qui
844 3209 1095 3296 deseruerant3),
1118 3208 1293 3298 exercitu9)

122 3302 311 3385 suffragium
325 3301 458 3388 ferente,
475 3302 591 3387 capitis
611 3304 763 3368 absentes
783 3301 984 3379 damnantur,
1004 3301 1037 3365 in
1055 3301 1108 3365 his
1122 3299 1292 3365 Eumenes.

95 3407 97 3413 ·
121 3389 192 3456 Hae
210 3392 264 3455 ille
283 3413 453 3475 percussus
472 3393 571 3477 plaga
594 3413 661 3457 non
685 3390 855 3457 succubuit
870 3411 975 3474 neque
993 3410 1032 3454 eo
1052 3391 1152 3455 setius
1171 3390 1294 3454 bellum

122 3479 369 3547 administrarit.
415 3479 477 3547 Sed
506 3482 603 3546 exiles
630 3503 682 3546 res
712 3478 812 3545 animi
836 3478 1109 3565 magnitudinem,
1136 3479 1200 3544 etsi
1226 3498 1294 3542 uon

156 3671 179 3742 ⁴)
197 3670 372 3742 Konjunktiv
387 3672 436 3727 der
449 3673 540 3727 oratio
555 3673 678 3742 obliqua,
769 3672 790 3741 ⁸)
817 3672 854 3727 So
890 3669 1070 3736 bezeichnete
1107 3685 1174 3724 man
1205 3685 1294 3739 unge-

120 3741 273 3797 reranlalst
286 3742 374 3798 durch
387 3741 479 3798 habiti
493 3745 565 3798 sunt.
589 3742 679 3799 Potiti
731 3741 928 3798 rechterweise
942 3743 993 3796 das
1006 3741 1158 3796 Verbalten
1173 3741 1223 3795 der
1237 3743 1294 3794 An·

119 3812 180 3868 hier
198 3813 281 3881 „inne
298 3812 416 3882 haben“,
434 3813 488 3868 wie
508 3813 568 3882 Vll,
588 3821 611 3869 1.
732 3813 841 3884 hanger
864 3814 913 3868 des
939 3814 1114 3869 emordeten
1137 3811 1293 3867 Perdiccas.

157 3884 179 3953 ⁶)
197 3882 260 3939 Abl.
275 3883 352 3939 modi
365 3883 412 3939 bei
426 3901 493 3941 esse.
517 3883 581 3954 Vgl.
596 3888 678 3941 Anm.

121 3974 154 4009 au
172 3956 236 4012 Dat.
254 3953 288 4024 V,
308 3961 333 4010 3.
769 3955 792 4026 ⁹)
811 3955 869 4010 Das
892 3954 978 4023 Heer,
1001 3954 1121 4010 welches
1145 3953 1294 4009 Perdiccas

157 4025 278 4095 ⁰)Anm.
297 4043 332 4080 au
350 4025 423 4109 Dion
440 4026 462 4093 I,
481 4032 506 4082 2.
732 4045 782 4081 aur
808 4025 1022 4099 Unterwerfung
1054 4028 1104 4080 des
1134 4024 1295 4080 Ptolemtus

121 4097 190 4221 sipi
199 4096 346 4222 Deqqeleer
357 4114 407 4152 wie
425 4096 489 4222 Vl}
511 4096 609 4220 LdEr
632 4097 680 4152 be·
734 4098 807 4153 nach
832 4090 964 4221 Agdypten
991 4096 1105 4222 gebfdhrt
1131 4097 1220 4151 hatte.
1257 4096 1295 4220 Ep

121 4183 171 4292 at„
191 4169 239 4292 u
263 4170 681 4295 stiuunuuuu
733 4184 977 4294 ltallnd⁰⁵tt
999 4173 1296 4308 {dissuetus

121 4309 469 4366 macedonischePhalenx
482 4311 609 4367 bildeten
622 4311 680 4365 und
733 4312 921 4380 angetragen,
944 4310 1035 4365 dieser
1059 4309 1127 4364 aber
1149 4308 1190 4362 sie
1209 4307 1294 4376 abga-

122 4380 272 4435 denselben
291 4382 428 4437 verrieten
446 4383 491 4453 (X,
511 4386 547 4448 2).
734 4381 823 4436 lehnt.

175 4477 307 4533 Orsum,
320 4478 440 4523 Cornelius
454 4483 539 4533 Nepos.
1068 4473 1084 4520 5
