2959 4759
523 204 570 260 IX.
598 203 731 261 CONON.
754 212 780 261 4.
795 211 820 262 5.
1216 209 1257 272 31

77 367 318 451 προσκύνησιν
346 367 461 433 Graeci
489 367 630 452 vocant).
676 366 750 433 Hoc
778 367 806 432 si
832 368 894 433 tibi
918 390 1016 454 grave
1040 375 1102 451 est,
1130 392 1187 454 per
1209 393 1261 435 me

78 456 188 521 nihilo
214 458 317 521 setius
341 457 436 521 editis
460 457 622 521 mandatis
645 456 794 521 conficies
816 456 903 541 quod
926 457 1056 522 studes’.
1093 457 1176 523 'I'um
1200 458 1295 525 (lo-4

78 566 151 609 non
176 543 272 609 ‘mihi
294 544 384 611 vero'
408 546 516 629 inquit
539 544 617 609 ‘non
644 548 694 609 est
720 565 820 629 grave
849 546 995 629 quemvis
1018 546 1175 612 honorem
1202 547 1259 612 ha·

77 633 160 698 here
184 633 269 718 regi,
293 633 349 698 sed
372 654 494 719 vereor,
516 655 557 697 ne
581 632 705 698 civitati
728 655 820 698 meae
843 635 888 698 sit
909 635 1099 719 opprobrio,
1123 636 1164 719 si,
1187 657 1261 701 cum

79 743 184 785 exea
208 723 272 786 sim
295 721 470 806 profectus,
493 743 576 805 quae
594 722 710 786 ceteris
733 722 885 805 gentibus
904 722 1063 806 imperare
1087 724 1260 808 consuerit,

78 810 194 893 potius
225 809 440 875 barbarorum
468 832 565 895 quam
594 810 682 875 illius
713 831 804 875 more
832 810 972 895 fungar'.
1016 810 1146 897 Itaque,
1177 834 1260 896 quae

78 898 219 963 volebat
252 899 375 982 scripta
398 899 429 963 ei
450 897 594 962 tradidit.

174 948 232 1051 ,p
270 986 395 1063 Quibus
423 986 562 1071 cognitis
589 1008 645 1050 rex
669 990 798 1051 tantum
826 986 1023 1052 auctoritate
1050 986 1119 1051 eius
1151 991 1258 1053 motus
1281 1006 1294 1054 1

79 1077 143 1157 est,
168 1077 206 1139 ut
229 1078 262 1139 et
282 1072 567 1160 Tissaphernem⁸)
590 1074 717 1139 hostem
741 1074 901 1139 iudicaret
923 1079 956 1140 et
978 1074 1259 1159 Lacedaemonios,

78 1185 156 1229 cum
182 1160 333 1249 quibus⁹)
357 1164 549 1228 societatem
572 1163 627 1227 ille
654 1163 758 1228 coisse
782 1163 972 1247 putabatur,
997 1164 1081 1228 bello
1109 1167 1258 1248 persequi

77 1249 253 1317 Cononem
276 1251 404 1316 iuberet
420 1252 512 1336 eique
535 1250 739 1335 permitteret
758 1272 853 1335 quem
876 1252 974 1316 vellet
997 1252 1117 1334 eligere
1136 1251 1177 1316 ad
1196 1252 1258 1316 dis·

77 1338 287 1424 pensandam
314 1340 494 1423 pecuniam.
538 1338 577 1403 Id
604 1339 778 1404 arbitrium
807 1336 922 1405 Conon
949 1340 1083 1423 negavit
1111 1340 1161 1405 sui
1188 1361 1258 1405 esse

77 1427 222 1510 consilii,
245 1427 302 1492 sed
325 1428 440 1511 ipsius,
462 1429 518 1511 qui
537 1428 657 1511 optime
677 1449 752 1492 suos
771 1449 867 1492 nosse
886 1428 1026 1512 deberet,
1049 1428 1105 1492 sed
1124 1427 1257 1493 suadere

77 1537 153 1582 sese
183 1516 397 1581 Pharnabazo
425 1516 458 1580 id
485 1516 611 1602 negotii
639 1515 739 1581 daret.
784 1515 914 1600 Magnis
942 1516 1042 1601 igitur
1070 1517 1292 1582 muneribusa

78 1605 227 1670 donatus
251 1605 292 1669 ad
311 1625 400 1668 mare
419 1608 470 1669 est
488 1606 616 1689 missus,
638 1608 676 1668 ut
694 1604 791 1669 classi
814 1608 988 1688 praeesset,
1012 1605 1088 1670 dato
1108 1605 1256 1670 adiutore

77 1691 313 1777 Pharnabazo,
345 1694 430 1758 sicut
461 1694 531 1777 ipse
563 1694 719 1758 voluerat.
765 1691 803 1757 ld
834 1695 872 1757 ut
907 1691 1171 1758 Lacedaemoniis
1208 1698 1292 1759 esta

77 1782 283 1860 nuntiatum,
301 1803 369 1846 non
389 1782 459 1846 sine
477 1803 555 1846 cura
573 1804 641 1845 rem
657 1780 896 1865 administrant,
910 1781 995 1865 quod
1014 1782 1119 1846 maius
1135 1781 1257 1847 ballum

77 1869 252 1934 imminere
285 1870 538 1935 arbitrabantur.
582 1868 669 1934 Nam
702 1868 816 1934 ducem
847 1869 965 1934 fortem
998 1873 1031 1933 et
1066 1870 1256 1954 prudentem

77 1958 182 2042 regiis
206 1957 324 2041 opibus
346 1959 571 2043 praefuturum
589 1979 626 2021 ac
646 1979 755 2022 aecum
774 1957 1010 2041 dimicaturum,
1033 1979 1128 2041 quern
1152 1980 1256 2042 neque

78 2046 221 2112 consilio
248 2067 354 2130 neque
378 2046 479 2130 copiis
507 2067 658 2129 superare
680 2049 825 2131 possent.
870 2045 940 2111 Hac
970 2050 1078 2110 mente
1102 2062 1293 2131 magnam4

78 2134 283 2200 contrahunt
314 2132 512 2222 classem¹⁰):
543 2134 793 2220 proficiscuntur
824 2133 983 2199 Pisandro
1020 2134 1107 2199 duce.
1153 2134 1256 2211 Quem

78 2221 198 2288 Conon
229 2222 315 2307 apud
346 2221 484 2288 Cnidum
514 2224 646 2288 adortus
677 2243 797 2308 magno
827 2222 950 2306 proelio
978 2223 1085 2307 fugat,
1114 2225 1155 2303 [a.
1175 2222 1254 2303 394]

77 2312 203 2375 multas
236 2332 336 2376 naves
370 2312 469 2395 capit,
502 2312 681 2395 complures
713 2310 874 2394 deprimit
920 2310 991 2387 Qua
1020 2312 1157 2376 victoria
1189 2333 1256 2376 non

78 2400 188 2465 solum
212 2399 247 2462 in
266 2399 347 2464 Asia
369 2398 493 2484 Graeci,
516 2400 572 2465 sed
596 2400 693 2464 etiam
712 2421 825 2465 omnes
848 2399 983 2484 insulae,
1006 2421 1088 2485 quae
1111 2400 1170 2464 sub
1194 2397 1255 2465 La-

78 2488 365 2553 cedaemoniorum
388 2488 518 2553 fuerant
539 2488 686 2572 imperio,
707 2488 866 2553 liberatae
889 2492 974 2553 sunt.
1010 2487 1135 2564 Quibus
1158 2488 1255 2553 rebus
1275 2502 1291 2552 5

79 2576 186 2661 gestis
206 2574 322 2642 Conon
341 2598 412 2641 cum
436 2579 528 2660 parte
551 2576 684 2641 navium
705 2577 740 2640 in
763 2577 903 2659 patriam
921 2576 1019 2659 venit,
1042 2598 1150 2641 muros
1171 2577 1257 2641 diru-

78 2671 132 2731 tos
162 2687 182 2729 a
209 2662 379 2748 Lysandro
407 2668 577 2749 utrosque,
607 2668 641 2729 et
662 2664 787 2730 Piraeei
815 2668 848 2728 et
870 2664 1087 2747 Athenarum,
1115 2667 1157 2746 [a
1176 2665 1255 2747 393]

78 2753 273 2819 reficiendos
292 2757 385 2818 curat
403 2753 621 2839 pecuniaeque
636 2754 676 2817 ad
691 2775 763 2818 eam
781 2774 851 2818 rem
867 2753 1104 2838 quinquaginta
1122 2755 1257 2838 talenta,

79 2863 165 2927 quae
198 2864 218 2906 a
245 2840 458 2907 Pharnabazo
489 2845 665 2926 acceperat,
694 2842 819 2907 civibus
848 2842 915 2906 suis
943 2841 1051 2907 donat.
1097 2841 1184 2918 Quas
1215 2842 1256 2907 ob

78 2952 196 2995 causas
220 2931 414 3014 praecipuus
433 2931 463 2995 ei
481 2930 587 2996 honos
606 2929 737 2994 habitus
756 2934 819 2994 est:
842 2951 983 3013 namque
1002 2930 1154 2996 omnibus
1172 2953 1256 2995 unus

77 3018 196 3085 insulis
220 3018 369 3101 praefuit.

170 3105 211 3171 V.
235 3104 298 3171 Sed
316 3106 433 3172 accidit
450 3107 535 3189 huic,
554 3106 641 3190 quod
661 3105 776 3170 ceteris
796 3105 1000 3188 mortalibus,
1018 3110 1055 3170 ut
1073 3105 1252 3170 inconside·
1273 3123 1287 3171 1

78 3196 185 3260 ratior
208 3194 242 3258 in
266 3195 406 3261 secunda
429 3216 526 3280 quam
549 3195 583 3259 in
606 3195 743 3260 adversa
761 3199 847 3259 esset
869 3193 1010 3258 fortuna.
1040 3191 1127 3257 Nam
1151 3195 1254 3259 classe

78 3283 394 3367 Peloponnesiorum
422 3284 563 3367 devicta,
591 3304 664 3348 cum
691 3283 798 3347 ultum
822 3304 856 3348 se
883 3281 1018 3346 iniurias
1045 3282 1170 3365 patriae
1197 3304 1253 3366 pu-

77 3375 179 3454 taret,
211 3371 306 3455 plura
333 3372 520 3455 concupivit
552 3394 649 3456 quam
676 3370 804 3437 efficere
835 3371 952 3455 potuit.
999 3369 1113 3455 Neque
1144 3375 1289 3437 tamena

79 3482 117 3525 ea
144 3481 214 3524 non
245 3460 301 3543 pia
329 3463 362 3524 et
392 3460 560 3544 probanda
591 3461 739 3544 fuerunt,
768 3459 853 3544 quod
880 3460 990 3543 potius
1022 3460 1149 3543 patriae
1177 3481 1255 3544 opes

80 3548 193 3634 augeri
221 3569 320 3632 quam
346 3549 433 3633 regis
461 3550 585 3614 maluit.
630 3548 717 3614 Nam
744 3571 818 3614 cum
843 3569 998 3634 magnam
1025 3549 1255 3614 auctoritatem

80 3638 143 3703 sibi
166 3656 279 3721 pugna
301 3636 359 3701 illa
380 3637 500 3716 navali,
523 3660 620 3722 quam
643 3638 728 3722 apud
744 3636 882 3704 Gnidum
906 3637 1037 3722 fecerat,
1058 3658 1126 3701 non
1149 3638 1255 3703 solum

80 3726 164 3790 inter
187 3724 361 3809 barbaros,
384 3726 440 3789 sed
463 3727 562 3791 etiam
586 3727 671 3810 apud
695 3748 807 3791 omnes
831 3725 986 3790 Graeciae
1010 3725 1159 3791 civitates
1183 3747 1255 3792 con·

81 3813 255 3891 stituisset,
279 3814 363 3878 clam
386 3813 462 3878 dare
486 3836 618 3898 operam
642 3816 762 3900 coepit,
784 3818 823 3879 ut
845 3835 957 3880 omnes
981 3814 1128 3879 civitates
1159 3814 1254 3879 mari·

79 3902 177 3968 timas
196 3903 384 3967 restitueret
402 3900 667 3968 Atheniensibus.
698 3902 737 3968 Id
756 3925 829 3969 cum
848 3903 956 3968 minus
975 3902 1150 3987 diligenter
1169 3908 1289 3969 esseta

115 4077 138 4145 θ)
161 4074 244 4129 Mehr
261 4074 335 4129 noch
353 4075 470 4129 brachte
489 4092 518 4130 es
540 4076 590 4130 ihn
610 4077 640 4131 in
695 4077 759 4131 dem
777 4076 948 4145 Relativum‚
967 4095 990 4131 z.
1005 4076 1035 4129 B.
1054 4076 1127 4131 Milt.
1147 4077 1173 4146 I,
1192 4083 1208 4132 2
1227 4096 1254 4133 u.

80 4146 227 4216 Ungnade,
247 4144 309 4199 dass
329 4162 359 4199 er
377 4150 429 4201 395
449 4162 495 4199 am
508 4146 640 4202 Pactolus
693 4146 790 4202 Them.
810 4145 883 4216 VIII,
902 4153 927 4203 3.

81 4217 157 4273 seina
175 4213 302 4272 Reiterei
320 4232 376 4271 von
394 4217 542 4285 Agesilaus
561 4219 641 4273 hatte
736 4218 769 4287 10)
788 4217 841 4273 Die
855 4216 1018 4288 Erzthlung
1036 4218 1075 4271 ist
1088 4216 1167 4272 nicht
1184 4234 1256 4287 ganz

80 4288 214 4357 schlagen
231 4287 334 4341 lassen.
695 4306 794 4360 ganan.
809 4289 893 4345 Diese
903 4290 1033 4358 Rustung
1042 4288 1149 4343 zurSee
1159 4289 1256 4342 mach-

116 4359 139 4428 ⁹)
158 4359 209 4414 Bai
218 4355 315 4426 Nepos
324 4356 401 4413 steht
410 4374 474 4414 cum
482 4359 582 4414 immer
590 4376 641 4415 vor
694 4362 744 4414 ten
754 4357 1253 4415 dieLacedtmouierschonseitbtl.
