<?xml version="1.0" encoding="UTF-8"?>
<!DOCTYPE html PUBLIC "-//W3C//DTD XHTML 1.0 Transitional//EN"
    "http://www.w3.org/TR/xhtml1/DTD/xhtml1-transitional.dtd">
<html xmlns="http://www.w3.org/1999/xhtml" xml:lang="en" lang="en">
 <head>
  <title>
</title>
<meta http-equiv="Content-Type" content="text/html;charset=utf-8" />
  <meta name='ocr-system' content='tesseract 3.04.00' />
  <meta name='ocr-capabilities' content='ocr_page ocr_carea ocr_par ocr_line ocrx_word'/>
</head>
<body>
  <div class='ocr_page' id='page_1' title='image "./corneliinepotis01ortmgoog_0062.png"; bbox 0 0 2959 4759; ppageno 0'>
   <div class='ocr_carea' id='block_1_1' title="bbox 161 102 983 168">
    <p class='ocr_par' dir='ltr' id='par_1_1' title="bbox 161 102 983 168">
     <span class='ocr_line' id='line_1_1' title="bbox 161 102 983 168; baseline 0.01 -12"><span class='ocrx_word' id='word_1_1' title='bbox 161 102 206 168; x_wconf 82' lang='grc'>50</span> <span class='ocrx_word' id='word_1_2' title='bbox 518 105 581 164; x_wconf 83' lang='lat' dir='ltr'>XV.</span> <span class='ocrx_word' id='word_1_3' title='bbox 612 105 889 165; x_wconf 80' lang='lat' dir='ltr'>EPAMINONDAS.</span> <span class='ocrx_word' id='word_1_4' title='bbox 915 115 938 165; x_wconf 91' lang='lat'>1.</span> <span class='ocrx_word' id='word_1_5' title='bbox 958 115 983 165; x_wconf 79' lang='lat'>2.</span> 
     </span>
    </p>
   </div>
   <div class='ocr_carea' id='block_1_2' title="bbox 116 266 1345 1752">
    <p class='ocr_par' dir='ltr' id='par_1_2' title="bbox 158 266 1345 622">
     <span class='ocr_line' id='line_1_2' title="bbox 163 266 1344 356; baseline 0.003 -24"><span class='ocrx_word' id='word_1_6' title='bbox 163 266 216 332; x_wconf 90' lang='lat' dir='ltr'>cui</span> <span class='ocrx_word' id='word_1_7' title='bbox 247 267 389 333; x_wconf 85' lang='lat' dir='ltr'>maxime</span> <span class='ocrx_word' id='word_1_8' title='bbox 421 268 566 334; x_wconf 88' lang='lat' dir='ltr'>habebat</span> <span class='ocrx_word' id='word_1_9' title='bbox 596 270 707 353; x_wconf 87' lang='lat' dir='ltr'>fidem,</span> <span class='ocrx_word' id='word_1_10' title='bbox 740 271 867 356; x_wconf 90' lang='lat' dir='ltr'>aliquot</span> <span class='ocrx_word' id='word_1_11' title='bbox 893 272 1006 337; x_wconf 90' lang='lat' dir='ltr'>diebus</span> <span class='ocrx_word' id='word_1_12' title='bbox 1034 275 1108 337; x_wconf 91' lang='lat' dir='ltr'>ante</span> <span class='ocrx_word' id='word_1_13' title='bbox 1136 272 1227 337; x_wconf 88' lang='lat' dir='ltr'>venit</span> <span class='ocrx_word' id='word_1_14' title='bbox 1254 292 1344 337; x_wconf 91' lang='lat' dir='ltr'>com·</span> 
     </span>
     <span class='ocr_line' id='line_1_3' title="bbox 161 355 1344 446; baseline 0.004 -25"><span class='ocrx_word' id='word_1_15' title='bbox 161 355 375 441; x_wconf 86' lang='lat' dir='ltr'>pluribusque</span> <span class='ocrx_word' id='word_1_16' title='bbox 389 358 470 423; x_wconf 93' lang='lat' dir='ltr'>locis</span> <span class='ocrx_word' id='word_1_17' title='bbox 491 359 668 443; x_wconf 88' lang='lat' dir='ltr'>separatim</span> <span class='ocrx_word' id='word_1_18' title='bbox 683 359 812 445; x_wconf 80' lang='lat' dir='ltr'>gladios</span> <span class='ocrx_word' id='word_1_19' title='bbox 832 360 941 425; x_wconf 88' lang='lat' dir='ltr'>obruit</span> <span class='ocrx_word' id='word_1_20' title='bbox 959 382 1059 446; x_wconf 89' lang='lat' dir='ltr'>eaque</span> <span class='ocrx_word' id='word_1_21' title='bbox 1078 360 1151 426; x_wconf 91' lang='lat' dir='ltr'>loca</span> <span class='ocrx_word' id='word_1_22' title='bbox 1165 360 1344 445; x_wconf 79' lang='lat' dir='ltr'>diligenter</span> 
     </span>
     <span class='ocr_line' id='line_1_4' title="bbox 158 444 1345 535; baseline 0.003 -25"><span class='ocrx_word' id='word_1_23' title='bbox 158 449 265 510; x_wconf 88' lang='lat' dir='ltr'>notat.</span> <span class='ocrx_word' id='word_1_24' title='bbox 287 444 365 530; x_wconf 94' lang='lat' dir='ltr'>Ipso</span> <span class='ocrx_word' id='word_1_25' title='bbox 380 451 488 513; x_wconf 90' lang='lat' dir='ltr'>autem</span> <span class='ocrx_word' id='word_1_26' title='bbox 503 447 659 533; x_wconf 80' lang='lat' dir='ltr'>colloquii</span> <span class='ocrx_word' id='word_1_27' title='bbox 673 449 724 513; x_wconf 91' lang='lat' dir='ltr'>die</span> <span class='ocrx_word' id='word_1_28' title='bbox 738 445 924 535; x_wconf 78' lang='lat' dir='ltr'>utrique³⁰),</span> <span class='ocrx_word' id='word_1_29' title='bbox 941 449 1049 514; x_wconf 91' lang='lat' dir='ltr'>locum</span> <span class='ocrx_word' id='word_1_30' title='bbox 1064 450 1117 532; x_wconf 92' lang='lat' dir='ltr'>qui</span> <span class='ocrx_word' id='word_1_31' title='bbox 1132 449 1345 533; x_wconf 84' lang='lat' dir='ltr'>explorarent</span> 
     </span>
     <span class='ocr_line' id='line_1_5' title="bbox 162 535 1344 622; baseline 0.004 -24"><span class='ocrx_word' id='word_1_32' title='bbox 162 537 259 618; x_wconf 89' lang='lat' dir='ltr'>atque</span> <span class='ocrx_word' id='word_1_33' title='bbox 286 535 375 618; x_wconf 86' lang='lat' dir='ltr'>ipsos</span> <span class='ocrx_word' id='word_1_34' title='bbox 399 538 635 620; x_wconf 72' lang='lat' dir='ltr'>scrutarentur,</span> <span class='ocrx_word' id='word_1_35' title='bbox 657 537 810 602; x_wconf 87' lang='lat' dir='ltr'>mittunt:</span> <span class='ocrx_word' id='word_1_36' title='bbox 839 537 952 602; x_wconf 90' lang='lat' dir='ltr'>deinde</span> <span class='ocrx_word' id='word_1_37' title='bbox 975 539 1040 622; x_wconf 91' lang='lat' dir='ltr'>ipsi</span> <span class='ocrx_word' id='word_1_38' title='bbox 1063 543 1140 603; x_wconf 88' lang='lat' dir='ltr'>sunt</span> <span class='ocrx_word' id='word_1_39' title='bbox 1162 539 1344 622; x_wconf 79' lang='lat' dir='ltr'>congressi.</span> 
     </span>
    </p>

    <p class='ocr_par' dir='ltr' id='par_1_3' title="bbox 122 622 1343 1066">
     <span class='ocr_line' id='line_1_6' title="bbox 122 622 1342 710; baseline 0.003 -24"><span class='ocrx_word' id='word_1_40' title='bbox 122 622 244 689; x_wconf 79' lang='lat' dir='ltr'>allum</span> <span class='ocrx_word' id='word_1_41' title='bbox 279 626 388 689; x_wconf 86' lang='lat' dir='ltr'>autem</span> <span class='ocrx_word' id='word_1_42' title='bbox 416 625 614 709; x_wconf 78' lang='lat' dir='ltr'>aliquamdiu</span> <span class='ocrx_word' id='word_1_43' title='bbox 645 626 679 691; x_wconf 90' lang='lat' dir='ltr'>in</span> <span class='ocrx_word' id='word_1_44' title='bbox 707 626 870 710; x_wconf 91' lang='lat' dir='ltr'>colloquio</span> <span class='ocrx_word' id='word_1_45' title='bbox 898 626 1037 692; x_wconf 83' lang='lat' dir='ltr'>fuissent</span> <span class='ocrx_word' id='word_1_46' title='bbox 1064 629 1097 690; x_wconf 93' lang='lat' dir='ltr'>et</span> <span class='ocrx_word' id='word_1_47' title='bbox 1125 626 1244 692; x_wconf 86' lang='lat' dir='ltr'>diversi</span> <span class='ocrx_word' id='word_1_48' title='bbox 1274 626 1342 691; x_wconf 93' lang='lat' dir='ltr'>dis·</span> 
     </span>
     <span class='ocr_line' id='line_1_7' title="bbox 160 712 1342 800; baseline 0.003 -24"><span class='ocrx_word' id='word_1_49' title='bbox 160 712 336 778; x_wconf 90' lang='lat' dir='ltr'>cessissent</span> <span class='ocrx_word' id='word_1_50' title='bbox 358 713 487 799; x_wconf 90' lang='lat' dir='ltr'>iamque</span> <span class='ocrx_word' id='word_1_51' title='bbox 510 714 624 798; x_wconf 90' lang='lat' dir='ltr'>procul</span> <span class='ocrx_word' id='word_1_52' title='bbox 641 713 799 779; x_wconf 86' lang='lat' dir='ltr'>Datames</span> <span class='ocrx_word' id='word_1_53' title='bbox 823 716 965 800; x_wconf 88' lang='lat' dir='ltr'>abesset,</span> <span class='ocrx_word' id='word_1_54' title='bbox 987 715 1208 800; x_wconf 80' lang='lat' dir='ltr'>Mithridates,</span> <span class='ocrx_word' id='word_1_55' title='bbox 1231 715 1342 800; x_wconf 89' lang='lat' dir='ltr'>prius·</span> 
     </span>
     <span class='ocr_line' id='line_1_8' title="bbox 158 801 1343 888; baseline 0.002 -22"><span class='ocrx_word' id='word_1_56' title='bbox 158 822 257 885; x_wconf 92' lang='lat' dir='ltr'>quam</span> <span class='ocrx_word' id='word_1_57' title='bbox 285 801 326 867; x_wconf 89' lang='lat' dir='ltr'>ad</span> <span class='ocrx_word' id='word_1_58' title='bbox 354 809 430 867; x_wconf 87' lang='lat' dir='ltr'>suos</span> <span class='ocrx_word' id='word_1_59' title='bbox 457 803 655 887; x_wconf 84' lang='lat' dir='ltr'>perveniret,</span> <span class='ocrx_word' id='word_1_60' title='bbox 682 803 718 868; x_wconf 88' lang='lat' dir='ltr'>in</span> <span class='ocrx_word' id='word_1_61' title='bbox 741 804 877 869; x_wconf 90' lang='lat' dir='ltr'>eundem</span> <span class='ocrx_word' id='word_1_62' title='bbox 901 803 1009 869; x_wconf 90' lang='lat' dir='ltr'>locum</span> <span class='ocrx_word' id='word_1_63' title='bbox 1037 804 1212 870; x_wconf 86' lang='lat' dir='ltr'>revertitur</span> <span class='ocrx_word' id='word_1_64' title='bbox 1239 807 1343 888; x_wconf 90' lang='lat' dir='ltr'>atque</span> 
     </span>
     <span class='ocr_line' id='line_1_9' title="bbox 156 889 1342 978; baseline 0.004 -26"><span class='ocrx_word' id='word_1_65' title='bbox 156 889 214 973; x_wconf 94' lang='lat' dir='ltr'>ibi,</span> <span class='ocrx_word' id='word_1_66' title='bbox 237 891 295 956; x_wconf 92' lang='lat' dir='ltr'>ubi</span> <span class='ocrx_word' id='word_1_67' title='bbox 317 892 420 976; x_wconf 83' lang='lat' dir='ltr'>telum</span> <span class='ocrx_word' id='word_1_68' title='bbox 443 895 515 956; x_wconf 90' lang='lat' dir='ltr'>erat</span> <span class='ocrx_word' id='word_1_69' title='bbox 536 891 708 975; x_wconf 90' lang='lat' dir='ltr'>infossum,</span> <span class='ocrx_word' id='word_1_70' title='bbox 730 892 860 978; x_wconf 84' lang='lat' dir='ltr'>resedit,</span> <span class='ocrx_word' id='word_1_71' title='bbox 882 896 919 957; x_wconf 92' lang='lat' dir='ltr'>ut</span> <span class='ocrx_word' id='word_1_72' title='bbox 942 893 970 957; x_wconf 93' lang='lat' dir='ltr'>si</span> <span class='ocrx_word' id='word_1_73' title='bbox 993 892 1186 957; x_wconf 85' lang='lat' dir='ltr'>lassitudine</span> <span class='ocrx_word' id='word_1_74' title='bbox 1204 897 1342 976; x_wconf 87' lang='lat' dir='ltr'>cuperet</span> 
     </span>
     <span class='ocr_line' id='line_1_10' title="bbox 156 978 1343 1066; baseline 0.003 -23"><span class='ocrx_word' id='word_1_75' title='bbox 156 980 372 1065; x_wconf 88' lang='lat' dir='ltr'>acquiescere,</span> <span class='ocrx_word' id='word_1_76' title='bbox 399 978 637 1064; x_wconf 88' lang='lat' dir='ltr'>Datamemque</span> <span class='ocrx_word' id='word_1_77' title='bbox 662 981 839 1064; x_wconf 79' lang='lat' dir='ltr'>revocavit,</span> <span class='ocrx_word' id='word_1_78' title='bbox 869 981 1029 1046; x_wconf 86' lang='lat' dir='ltr'>simulans</span> <span class='ocrx_word' id='word_1_79' title='bbox 1057 1002 1091 1045; x_wconf 89' lang='lat' dir='ltr'>se</span> <span class='ocrx_word' id='word_1_80' title='bbox 1119 980 1274 1066; x_wconf 85' lang='lat' dir='ltr'>quiddam</span> <span class='ocrx_word' id='word_1_81' title='bbox 1303 981 1343 1046; x_wconf 91' lang='lat' dir='ltr'>in</span> 
     </span>
    </p>

    <p class='ocr_par' dir='ltr' id='par_1_4' title="bbox 120 1067 1344 1332">
     <span class='ocr_line' id='line_1_11' title="bbox 120 1067 1344 1154; baseline 0.002 -23"><span class='ocrx_word' id='word_1_82' title='bbox 120 1083 137 1131; x_wconf 88' lang='lat'>4</span> <span class='ocrx_word' id='word_1_83' title='bbox 158 1068 321 1153; x_wconf 89' lang='lat' dir='ltr'>colloquio</span> <span class='ocrx_word' id='word_1_84' title='bbox 345 1089 416 1133; x_wconf 86' lang='lat' dir='ltr'>ease</span> <span class='ocrx_word' id='word_1_85' title='bbox 440 1068 587 1133; x_wconf 88' lang='lat' dir='ltr'>oblitum.</span> <span class='ocrx_word' id='word_1_86' title='bbox 631 1067 767 1134; x_wconf 89' lang='lat' dir='ltr'>Interim</span> <span class='ocrx_word' id='word_1_87' title='bbox 790 1070 902 1151; x_wconf 84' lang='lat' dir='ltr'>telum,</span> <span class='ocrx_word' id='word_1_88' title='bbox 925 1070 1011 1154; x_wconf 93' lang='lat' dir='ltr'>quod</span> <span class='ocrx_word' id='word_1_89' title='bbox 1033 1070 1171 1150; x_wconf 89' lang='lat' dir='ltr'>latebat,</span> <span class='ocrx_word' id='word_1_90' title='bbox 1196 1070 1344 1154; x_wconf 89' lang='lat' dir='ltr'>protulit</span> 
     </span>
     <span class='ocr_line' id='line_1_12' title="bbox 155 1156 1342 1243; baseline 0.002 -23"><span class='ocrx_word' id='word_1_91' title='bbox 155 1156 381 1242; x_wconf 91' lang='lat' dir='ltr'>nudatumque</span> <span class='ocrx_word' id='word_1_92' title='bbox 404 1157 524 1241; x_wconf 84' lang='lat' dir='ltr'>vagina</span> <span class='ocrx_word' id='word_1_93' title='bbox 546 1160 636 1222; x_wconf 84' lang='lat' dir='ltr'>veste</span> <span class='ocrx_word' id='word_1_94' title='bbox 658 1158 740 1223; x_wconf 84' lang='lat' dir='ltr'>texit</span> <span class='ocrx_word' id='word_1_95' title='bbox 764 1180 801 1223; x_wconf 90' lang='lat' dir='ltr'>ac</span> <span class='ocrx_word' id='word_1_96' title='bbox 823 1156 958 1222; x_wconf 88' lang='lat' dir='ltr'>Datami</span> <span class='ocrx_word' id='word_1_97' title='bbox 980 1159 1124 1225; x_wconf 89' lang='lat' dir='ltr'>venienti</span> <span class='ocrx_word' id='word_1_98' title='bbox 1146 1158 1206 1239; x_wconf 90' lang='lat' dir='ltr'>ait,</span> <span class='ocrx_word' id='word_1_99' title='bbox 1229 1158 1342 1243; x_wconf 87' lang='lat' dir='ltr'>digre-</span> 
     </span>
     <span class='ocr_line' id='line_1_13' title="bbox 156 1243 1341 1332; baseline 0.003 -24"><span class='ocrx_word' id='word_1_100' title='bbox 156 1243 300 1310; x_wconf 86' lang='lat' dir='ltr'>dientem</span> <span class='ocrx_word' id='word_1_101' title='bbox 330 1267 365 1310; x_wconf 92' lang='lat' dir='ltr'>se</span> <span class='ocrx_word' id='word_1_102' title='bbox 390 1245 657 1311; x_wconf 85' lang='lat' dir='ltr'>animadvertisse</span> <span class='ocrx_word' id='word_1_103' title='bbox 685 1246 792 1312; x_wconf 91' lang='lat' dir='ltr'>locum</span> <span class='ocrx_word' id='word_1_104' title='bbox 822 1247 997 1332; x_wconf 90' lang='lat' dir='ltr'>quendam,</span> <span class='ocrx_word' id='word_1_105' title='bbox 1027 1247 1082 1330; x_wconf 92' lang='lat' dir='ltr'>qui</span> <span class='ocrx_word' id='word_1_106' title='bbox 1110 1250 1181 1311; x_wconf 88' lang='lat' dir='ltr'>erat</span> <span class='ocrx_word' id='word_1_107' title='bbox 1203 1246 1238 1311; x_wconf 91' lang='lat' dir='ltr'>in</span> <span class='ocrx_word' id='word_1_108' title='bbox 1262 1268 1341 1313; x_wconf 75' lang='lat' dir='ltr'>con:</span> 
     </span>
    </p>

    <p class='ocr_par' dir='ltr' id='par_1_5' title="bbox 116 1334 1341 1752">
     <span class='ocr_line' id='line_1_14' title="bbox 116 1334 1340 1420; baseline 0.001 -22"><span class='ocrx_word' id='word_1_109' title='bbox 116 1338 285 1418; x_wconf 73' lang='lat' dir='ltr'>aspectu,</span> <span class='ocrx_word' id='word_1_110' title='bbox 312 1334 353 1399; x_wconf 91' lang='lat' dir='ltr'>ad</span> <span class='ocrx_word' id='word_1_111' title='bbox 382 1337 491 1398; x_wconf 89' lang='lat' dir='ltr'>castra</span> <span class='ocrx_word' id='word_1_112' title='bbox 518 1334 668 1417; x_wconf 90' lang='lat' dir='ltr'>ponenda</span> <span class='ocrx_word' id='word_1_113' title='bbox 695 1357 767 1400; x_wconf 92' lang='lat' dir='ltr'>esse</span> <span class='ocrx_word' id='word_1_114' title='bbox 795 1335 956 1401; x_wconf 89' lang='lat' dir='ltr'>idoneum.</span> <span class='ocrx_word' id='word_1_115' title='bbox 1003 1334 1104 1411; x_wconf 83' lang='lat' dir='ltr'>Quem</span> <span class='ocrx_word' id='word_1_116' title='bbox 1134 1357 1208 1400; x_wconf 86' lang='lat' dir='ltr'>cum</span> <span class='ocrx_word' id='word_1_117' title='bbox 1231 1335 1340 1420; x_wconf 87' lang='lat' dir='ltr'>digito</span> 
     </span>
     <span class='ocr_line' id='line_1_15' title="bbox 154 1422 1341 1508; baseline 0.003 -23"><span class='ocrx_word' id='word_1_118' title='bbox 154 1422 395 1487; x_wconf 88' lang='lat' dir='ltr'>demonstraret</span> <span class='ocrx_word' id='word_1_119' title='bbox 408 1426 441 1486; x_wconf 88' lang='lat' dir='ltr'>et</span> <span class='ocrx_word' id='word_1_120' title='bbox 454 1423 510 1486; x_wconf 91' lang='lat' dir='ltr'>ille</span> <span class='ocrx_word' id='word_1_121' title='bbox 519 1423 707 1508; x_wconf 82' lang='lat' dir='ltr'>respiceret,</span> <span class='ocrx_word' id='word_1_122' title='bbox 725 1445 874 1489; x_wconf 81' lang='lat' dir='ltr'>aversum</span> <span class='ocrx_word' id='word_1_123' title='bbox 894 1423 980 1489; x_wconf 84' lang='lat' dir='ltr'>ferro</span> <span class='ocrx_word' id='word_1_124' title='bbox 993 1424 1160 1489; x_wconf 82' lang='lat' dir='ltr'>transfixit</span> <span class='ocrx_word' id='word_1_125' title='bbox 1172 1424 1341 1508; x_wconf 85' lang='lat' dir='ltr'>priusque,</span> 
     </span>
     <span class='ocr_line' id='line_1_16' title="bbox 153 1511 1338 1596; baseline 0.003 -23"><span class='ocrx_word' id='word_1_126' title='bbox 153 1531 253 1593; x_wconf 90' lang='lat' dir='ltr'>quam</span> <span class='ocrx_word' id='word_1_127' title='bbox 278 1511 451 1595; x_wconf 90' lang='lat' dir='ltr'>quisquam</span> <span class='ocrx_word' id='word_1_128' title='bbox 472 1514 585 1595; x_wconf 84' lang='lat' dir='ltr'>posset</span> <span class='ocrx_word' id='word_1_129' title='bbox 608 1532 806 1596; x_wconf 89' lang='lat' dir='ltr'>succurrere,</span> <span class='ocrx_word' id='word_1_130' title='bbox 830 1512 1001 1578; x_wconf 86' lang='lat' dir='ltr'>interfecit.</span> <span class='ocrx_word' id='word_1_131' title='bbox 1041 1511 1094 1577; x_wconf 89' lang='lat' dir='ltr'>Ita</span> <span class='ocrx_word' id='word_1_132' title='bbox 1116 1513 1172 1577; x_wconf 90' lang='lat' dir='ltr'>ille</span> <span class='ocrx_word' id='word_1_133' title='bbox 1195 1513 1255 1596; x_wconf 79' lang='lat' dir='ltr'>vir,</span> <span class='ocrx_word' id='word_1_134' title='bbox 1279 1513 1338 1596; x_wconf 89' lang='lat' dir='ltr'>qui</span> 
     </span>
     <span class='ocr_line' id='line_1_17' title="bbox 152 1598 1338 1688; baseline 0.003 -26"><span class='ocrx_word' id='word_1_135' title='bbox 152 1598 275 1663; x_wconf 89' lang='lat' dir='ltr'>multos</span> <span class='ocrx_word' id='word_1_136' title='bbox 299 1598 451 1684; x_wconf 92' lang='lat' dir='ltr'>consilio,</span> <span class='ocrx_word' id='word_1_137' title='bbox 478 1599 641 1663; x_wconf 88' lang='lat' dir='ltr'>neminem</span> <span class='ocrx_word' id='word_1_138' title='bbox 664 1598 1015 1688; x_wconf 77' lang='lat' dir='ltr'>perfidiaeeperat³1),</span> <span class='ocrx_word' id='word_1_139' title='bbox 1039 1601 1194 1665; x_wconf 90' lang='lat' dir='ltr'>simulata</span> <span class='ocrx_word' id='word_1_140' title='bbox 1218 1605 1338 1686; x_wconf 89' lang='lat' dir='ltr'>captus</span> 
     </span>
     <span class='ocr_line' id='line_1_18' title="bbox 151 1686 377 1752; baseline 0 -2"><span class='ocrx_word' id='word_1_141' title='bbox 151 1689 203 1750; x_wconf 87' lang='lat' dir='ltr'>est</span> <span class='ocrx_word' id='word_1_142' title='bbox 226 1686 377 1752; x_wconf 90' lang='lat' dir='ltr'>amicitia.</span> 
     </span>
    </p>
   </div>
   <div class='ocr_carea' id='block_1_3' title="bbox 497 1971 981 2046">
    <p class='ocr_par' dir='ltr' id='par_1_6' title="bbox 497 1971 981 2046">
     <span class='ocr_line' id='line_1_19' title="bbox 497 1971 981 2046; baseline 0.002 -1"><span class='ocrx_word' id='word_1_143' title='bbox 497 1971 574 2046; x_wconf 88' lang='lat' dir='ltr'>XV.</span> <span class='ocrx_word' id='word_1_144' title='bbox 619 1972 981 2046; x_wconf 82' lang='lat' dir='ltr'><strong>EPAMINONDAS.</strong></span> 
     </span>
    </p>
   </div>
   <div class='ocr_carea' id='block_1_4' title="bbox 109 2127 1340 3449">
    <p class='ocr_par' dir='ltr' id='par_1_7' title="bbox 116 2127 1340 2479">
     <span class='ocr_line' id='line_1_20' title="bbox 116 2127 1339 2215; baseline -0.001 -20"><span class='ocrx_word' id='word_1_145' title='bbox 116 2146 130 2195; x_wconf 92' lang='lat'>1</span> <span class='ocrx_word' id='word_1_146' title='bbox 240 2129 265 2194; x_wconf 91' lang='grc' dir='ltr'>Ι.</span> <span class='ocrx_word' id='word_1_147' title='bbox 297 2127 405 2194; x_wconf 89' lang='lat' dir='ltr'>Venio</span> <span class='ocrx_word' id='word_1_148' title='bbox 428 2150 515 2196; x_wconf 91' lang='lat' dir='ltr'>nunc</span> <span class='ocrx_word' id='word_1_149' title='bbox 539 2128 579 2193; x_wconf 90' lang='lat' dir='ltr'>ad</span> <span class='ocrx_word' id='word_1_150' title='bbox 597 2127 870 2215; x_wconf 83' lang='lat' dir='ltr'>Epaminondam,</span> <span class='ocrx_word' id='word_1_151' title='bbox 888 2128 1090 2213; x_wconf 90' lang='lat' dir='ltr'>Polymnidis</span> <span class='ocrx_word' id='word_1_152' title='bbox 1112 2128 1226 2213; x_wconf 91' lang='lat' dir='ltr'>filium,</span> <span class='ocrx_word' id='word_1_153' title='bbox 1249 2127 1339 2194; x_wconf 74' lang='lat' dir='ltr'>The</span> 
     </span>
     <span class='ocr_line' id='line_1_21' title="bbox 151 2216 1340 2302; baseline 0.002 -21"><span class='ocrx_word' id='word_1_154' title='bbox 151 2218 282 2282; x_wconf 88' lang='lat' dir='ltr'>banum.</span> <span class='ocrx_word' id='word_1_155' title='bbox 318 2218 368 2283; x_wconf 92' lang='lat' dir='ltr'>De</span> <span class='ocrx_word' id='word_1_156' title='bbox 387 2217 449 2283; x_wconf 94' lang='lat' dir='ltr'>hoc</span> <span class='ocrx_word' id='word_1_157' title='bbox 467 2219 657 2302; x_wconf 89' lang='lat' dir='ltr'>priusquam</span> <span class='ocrx_word' id='word_1_158' title='bbox 677 2217 858 2302; x_wconf 90' lang='lat' dir='ltr'>scribimus,</span> <span class='ocrx_word' id='word_1_159' title='bbox 876 2217 957 2283; x_wconf 87' lang='lat' dir='ltr'>haee</span> <span class='ocrx_word' id='word_1_160' title='bbox 975 2216 1204 2300; x_wconf 87' lang='lat' dir='ltr'>praecipienda</span> <span class='ocrx_word' id='word_1_161' title='bbox 1221 2216 1340 2283; x_wconf 82' lang='lat' dir='ltr'>viden·</span> 
     </span>
     <span class='ocr_line' id='line_1_22' title="bbox 151 2305 1339 2392; baseline 0.003 -23"><span class='ocrx_word' id='word_1_162' title='bbox 151 2309 206 2370; x_wconf 91' lang='lat' dir='ltr'>tur</span> <span class='ocrx_word' id='word_1_163' title='bbox 233 2306 424 2390; x_wconf 89' lang='lat' dir='ltr'>lectoribus,</span> <span class='ocrx_word' id='word_1_164' title='bbox 453 2328 495 2370; x_wconf 92' lang='lat' dir='ltr'>ne</span> <span class='ocrx_word' id='word_1_165' title='bbox 523 2305 648 2370; x_wconf 91' lang='lat' dir='ltr'>alienos</span> <span class='ocrx_word' id='word_1_166' title='bbox 676 2327 784 2371; x_wconf 90' lang='lat' dir='ltr'>mores</span> <span class='ocrx_word' id='word_1_167' title='bbox 814 2306 855 2371; x_wconf 90' lang='lat' dir='ltr'>ad</span> <span class='ocrx_word' id='word_1_168' title='bbox 884 2326 960 2371; x_wconf 88' lang='lat' dir='ltr'>suos</span> <span class='ocrx_word' id='word_1_169' title='bbox 987 2306 1145 2383; x_wconf 88' lang='lat' dir='ltr'>referant,</span> <span class='ocrx_word' id='word_1_170' title='bbox 1175 2327 1339 2392; x_wconf 78' lang='lat' dir='ltr'>nereca,</span> 
     </span>
     <span class='ocr_line' id='line_1_23' title="bbox 150 2393 1337 2479; baseline 0 -20"><span class='ocrx_word' id='word_1_171' title='bbox 150 2414 232 2477; x_wconf 88' lang='lat' dir='ltr'>quae</span> <span class='ocrx_word' id='word_1_172' title='bbox 259 2396 340 2479; x_wconf 88' lang='lat' dir='ltr'>ipsis</span> <span class='ocrx_word' id='word_1_173' title='bbox 369 2397 445 2459; x_wconf 90' lang='lat' dir='ltr'>suut</span> <span class='ocrx_word' id='word_1_174' title='bbox 471 2394 609 2477; x_wconf 78' lang='lat' dir='ltr'>leviora,</span> <span class='ocrx_word' id='word_1_175' title='bbox 636 2395 708 2478; x_wconf 89' lang='lat' dir='ltr'>pari</span> <span class='ocrx_word' id='word_1_176' title='bbox 735 2394 832 2460; x_wconf 92' lang='lat' dir='ltr'>modo</span> <span class='ocrx_word' id='word_1_177' title='bbox 856 2394 941 2479; x_wconf 89' lang='lat' dir='ltr'>apud</span> <span class='ocrx_word' id='word_1_178' title='bbox 965 2397 1090 2459; x_wconf 90' lang='lat' dir='ltr'>ceteros</span> <span class='ocrx_word' id='word_1_179' title='bbox 1120 2393 1222 2459; x_wconf 84' lang='lat' dir='ltr'>fuisse</span> <span class='ocrx_word' id='word_1_180' title='bbox 1245 2396 1337 2459; x_wconf 90' lang='lat' dir='ltr'>arbi-</span> 
     </span>
    </p>

    <p class='ocr_par' dir='ltr' id='par_1_8' title="bbox 116 2482 1338 2655">
     <span class='ocr_line' id='line_1_24' title="bbox 116 2482 1338 2567; baseline 0 -19"><span class='ocrx_word' id='word_1_181' title='bbox 116 2501 132 2548; x_wconf 75' lang='grc'>1</span> <span class='ocrx_word' id='word_1_182' title='bbox 151 2486 287 2549; x_wconf 89' lang='lat' dir='ltr'>trentur.</span> <span class='ocrx_word' id='word_1_183' title='bbox 324 2482 450 2547; x_wconf 85' lang='lat' dir='ltr'>Musica</span> <span class='ocrx_word' id='word_1_184' title='bbox 469 2482 598 2567; x_wconf 92' lang='lat' dir='ltr'>quidem</span> <span class='ocrx_word' id='word_1_185' title='bbox 617 2482 739 2547; x_wconf 87' lang='lat' dir='ltr'>nostris</span> <span class='ocrx_word' id='word_1_186' title='bbox 758 2482 903 2548; x_wconf 85' lang='lat' dir='ltr'>moribus</span> <span class='ocrx_word' id='word_1_187' title='bbox 926 2482 1021 2547; x_wconf 90' lang='lat' dir='ltr'>abest</span> <span class='ocrx_word' id='word_1_188' title='bbox 1043 2503 1063 2545; x_wconf 90' lang='lat' dir='ltr'>a</span> <span class='ocrx_word' id='word_1_189' title='bbox 1081 2482 1238 2566; x_wconf 89' lang='lat' dir='ltr'>principis</span> <span class='ocrx_word' id='word_1_190' title='bbox 1257 2505 1338 2566; x_wconf 91' lang='lat' dir='ltr'>per·</span> 
     </span>
     <span class='ocr_line' id='line_1_25' title="bbox 152 2570 1337 2655; baseline 0.002 -20"><span class='ocrx_word' id='word_1_191' title='bbox 152 2592 246 2651; x_wconf 89' lang='lat' dir='ltr'>sona,</span> <span class='ocrx_word' id='word_1_192' title='bbox 275 2571 396 2635; x_wconf 86' lang='lat' dir='ltr'>saltare</span> <span class='ocrx_word' id='word_1_193' title='bbox 424 2592 501 2636; x_wconf 84' lang='lat' dir='ltr'>vero</span> <span class='ocrx_word' id='word_1_194' title='bbox 530 2570 630 2634; x_wconf 89' lang='lat' dir='ltr'>etiam</span> <span class='ocrx_word' id='word_1_195' title='bbox 657 2571 690 2634; x_wconf 90' lang='lat' dir='ltr'>in</span> <span class='ocrx_word' id='word_1_196' title='bbox 716 2571 804 2635; x_wconf 85' lang='lat' dir='ltr'>vitiis</span> <span class='ocrx_word' id='word_1_197' title='bbox 827 2572 972 2655; x_wconf 84' lang='lat' dir='ltr'>ponitur:</span> <span class='ocrx_word' id='word_1_198' title='bbox 1004 2590 1086 2653; x_wconf 92' lang='lat' dir='ltr'>quae</span> <span class='ocrx_word' id='word_1_199' title='bbox 1110 2570 1220 2635; x_wconf 88' lang='lat' dir='ltr'>omnia</span> <span class='ocrx_word' id='word_1_200' title='bbox 1243 2572 1337 2655; x_wconf 86' lang='lat' dir='ltr'>apud</span> 
     </span>
    </p>

    <p class='ocr_par' dir='ltr' id='par_1_9' title="bbox 111 2657 1335 2920">
     <span class='ocr_line' id='line_1_26' title="bbox 111 2657 1335 2744; baseline -0.001 -19"><span class='ocrx_word' id='word_1_201' title='bbox 111 2678 127 2725; x_wconf 84' lang='lat'>3</span> <span class='ocrx_word' id='word_1_202' title='bbox 149 2657 292 2725; x_wconf 81' lang='lat' dir='ltr'>Graecos</span> <span class='ocrx_word' id='word_1_203' title='bbox 317 2662 350 2724; x_wconf 90' lang='lat' dir='ltr'>et</span> <span class='ocrx_word' id='word_1_204' title='bbox 373 2662 469 2743; x_wconf 89' lang='lat' dir='ltr'>grata</span> <span class='ocrx_word' id='word_1_205' title='bbox 492 2664 525 2722; x_wconf 92' lang='lat' dir='ltr'>et</span> <span class='ocrx_word' id='word_1_206' title='bbox 552 2658 647 2721; x_wconf 92' lang='lat' dir='ltr'>laude</span> <span class='ocrx_word' id='word_1_207' title='bbox 671 2659 771 2744; x_wconf 90' lang='lat' dir='ltr'>digna</span> <span class='ocrx_word' id='word_1_208' title='bbox 795 2659 963 2723; x_wconf 88' lang='lat' dir='ltr'>ducuntur.</span> <span class='ocrx_word' id='word_1_209' title='bbox 1008 2657 1091 2723; x_wconf 85' lang='lat' dir='ltr'>Cum</span> <span class='ocrx_word' id='word_1_210' title='bbox 1115 2662 1225 2723; x_wconf 89' lang='lat' dir='ltr'>autem</span> <span class='ocrx_word' id='word_1_211' title='bbox 1247 2659 1335 2724; x_wconf 88' lang='lat' dir='ltr'>ima·</span> 
     </span>
     <span class='ocr_line' id='line_1_27' title="bbox 147 2745 1335 2832; baseline 0 -21"><span class='ocrx_word' id='word_1_212' title='bbox 147 2747 258 2832; x_wconf 85' lang='lat' dir='ltr'>ginem</span> <span class='ocrx_word' id='word_1_213' title='bbox 291 2745 470 2830; x_wconf 86' lang='lat' dir='ltr'>exprimere</span> <span class='ocrx_word' id='word_1_214' title='bbox 501 2746 747 2811; x_wconf 84' lang='lat' dir='ltr'>consuetudinis</span> <span class='ocrx_word' id='word_1_215' title='bbox 780 2751 878 2831; x_wconf 89' lang='lat' dir='ltr'>atque</span> <span class='ocrx_word' id='word_1_216' title='bbox 908 2749 995 2812; x_wconf 85' lang='lat' dir='ltr'>vitae</span> <span class='ocrx_word' id='word_1_217' title='bbox 1027 2747 1166 2812; x_wconf 77' lang='lat' dir='ltr'>velimus</span> <span class='ocrx_word' id='word_1_218' title='bbox 1193 2747 1335 2830; x_wconf 81' lang='lat' dir='ltr'>Epami·</span> 
     </span>
     <span class='ocr_line' id='line_1_28' title="bbox 147 2833 1333 2920; baseline 0.001 -21"><span class='ocrx_word' id='word_1_219' title='bbox 147 2836 284 2920; x_wconf 88' lang='lat' dir='ltr'>nondae,</span> <span class='ocrx_word' id='word_1_220' title='bbox 306 2833 390 2901; x_wconf 91' lang='lat' dir='ltr'>nihil</span> <span class='ocrx_word' id='word_1_221' title='bbox 408 2834 535 2900; x_wconf 85' lang='lat' dir='ltr'>videtur</span> <span class='ocrx_word' id='word_1_222' title='bbox 554 2835 888 2918; x_wconf 89' lang='lat' dir='ltr'>praetermittendum,</span> <span class='ocrx_word' id='word_1_223' title='bbox 907 2835 993 2919; x_wconf 92' lang='lat' dir='ltr'>quod</span> <span class='ocrx_word' id='word_1_224' title='bbox 1010 2835 1174 2918; x_wconf 90' lang='lat' dir='ltr'>pertineat</span> <span class='ocrx_word' id='word_1_225' title='bbox 1195 2835 1237 2900; x_wconf 93' lang='lat' dir='ltr'>ad</span> <span class='ocrx_word' id='word_1_226' title='bbox 1256 2857 1333 2900; x_wconf 94' lang='lat' dir='ltr'>eam</span> 
     </span>
    </p>

    <p class='ocr_par' dir='ltr' id='par_1_10' title="bbox 109 2922 1334 3342">
     <span class='ocr_line' id='line_1_29' title="bbox 109 2922 1334 3008; baseline 0 -19"><span class='ocrx_word' id='word_1_227' title='bbox 109 2941 126 2989; x_wconf 85' lang='lat'>4</span> <span class='ocrx_word' id='word_1_228' title='bbox 146 2922 380 2990; x_wconf 86' lang='lat' dir='ltr'>declarandam.</span> <span class='ocrx_word' id='word_1_229' title='bbox 427 2922 534 2999; x_wconf 83' lang='lat' dir='ltr'>Quare</span> <span class='ocrx_word' id='word_1_230' title='bbox 557 2922 701 2988; x_wconf 89' lang='lat' dir='ltr'>dicemus</span> <span class='ocrx_word' id='word_1_231' title='bbox 725 2923 866 3007; x_wconf 89' lang='lat' dir='ltr'>primum</span> <span class='ocrx_word' id='word_1_232' title='bbox 889 2923 929 2987; x_wconf 92' lang='lat' dir='ltr'>de</span> <span class='ocrx_word' id='word_1_233' title='bbox 953 2944 1070 3008; x_wconf 88' lang='lat' dir='ltr'>genere</span> <span class='ocrx_word' id='word_1_234' title='bbox 1099 2924 1183 3008; x_wconf 89' lang='lat' dir='ltr'>eius,</span> <span class='ocrx_word' id='word_1_235' title='bbox 1212 2923 1334 2989; x_wconf 91' lang='lat' dir='ltr'>deinde</span> 
     </span>
     <span class='ocr_line' id='line_1_30' title="bbox 145 3011 1333 3096; baseline 0.002 -20"><span class='ocrx_word' id='word_1_236' title='bbox 145 3012 262 3095; x_wconf 92' lang='lat' dir='ltr'>quibus</span> <span class='ocrx_word' id='word_1_237' title='bbox 291 3012 473 3096; x_wconf 85' lang='lat' dir='ltr'>disciplinis</span> <span class='ocrx_word' id='word_1_238' title='bbox 502 3017 535 3077; x_wconf 91' lang='lat' dir='ltr'>et</span> <span class='ocrx_word' id='word_1_239' title='bbox 562 3034 582 3076; x_wconf 88' lang='lat' dir='ltr'>a</span> <span class='ocrx_word' id='word_1_240' title='bbox 611 3011 728 3096; x_wconf 91' lang='lat' dir='ltr'>quibus</span> <span class='ocrx_word' id='word_1_241' title='bbox 757 3011 802 3076; x_wconf 93' lang='lat' dir='ltr'>sit</span> <span class='ocrx_word' id='word_1_242' title='bbox 830 3011 989 3095; x_wconf 86' lang='lat' dir='ltr'>eruditus,</span> <span class='ocrx_word' id='word_1_243' title='bbox 1016 3013 1088 3076; x_wconf 93' lang='lat' dir='ltr'>tum</span> <span class='ocrx_word' id='word_1_244' title='bbox 1112 3011 1151 3076; x_wconf 93' lang='lat' dir='ltr'>de</span> <span class='ocrx_word' id='word_1_245' title='bbox 1180 3012 1333 3078; x_wconf 89' lang='lat' dir='ltr'>moribus</span> 
     </span>
     <span class='ocr_line' id='line_1_31' title="bbox 143 3095 1332 3186; baseline 0.002 -23"><span class='ocrx_word' id='word_1_246' title='bbox 143 3101 331 3186; x_wconf 86' lang='lat' dir='ltr'>ingeniique</span> <span class='ocrx_word' id='word_1_247' title='bbox 354 3099 568 3166; x_wconf 83' lang='lat' dir='ltr'>facultatibus</span> <span class='ocrx_word' id='word_1_248' title='bbox 598 3106 631 3164; x_wconf 92' lang='lat' dir='ltr'>et</span> <span class='ocrx_word' id='word_1_249' title='bbox 654 3100 683 3164; x_wconf 90' lang='lat' dir='ltr'>si</span> <span class='ocrx_word' id='word_1_250' title='bbox 706 3121 772 3183; x_wconf 91' lang='lat' dir='ltr'>qua</span> <span class='ocrx_word' id='word_1_251' title='bbox 794 3095 892 3184; x_wconf 77' lang='lat' dir='ltr'>alia1)</span> <span class='ocrx_word' id='word_1_252' title='bbox 915 3099 1074 3164; x_wconf 88' lang='lat' dir='ltr'>memoria</span> <span class='ocrx_word' id='word_1_253' title='bbox 1097 3099 1200 3184; x_wconf 87' lang='lat' dir='ltr'>digna</span> <span class='ocrx_word' id='word_1_254' title='bbox 1222 3105 1332 3185; x_wconf 86' lang='lat' dir='ltr'>erunt,</span> 
     </span>
     <span class='ocr_line' id='line_1_32' title="bbox 142 3184 1333 3274; baseline 0.001 -21"><span class='ocrx_word' id='word_1_255' title='bbox 142 3193 310 3272; x_wconf 93' lang='lat' dir='ltr'>postremo</span> <span class='ocrx_word' id='word_1_256' title='bbox 335 3188 489 3254; x_wconf 90' lang='lat' dir='ltr'>derebus</span> <span class='ocrx_word' id='word_1_257' title='bbox 508 3184 655 3274; x_wconf 67' lang='lat' dir='ltr'>gestis2),</span> <span class='ocrx_word' id='word_1_258' title='bbox 679 3208 762 3271; x_wconf 89' lang='lat' dir='ltr'>quae</span> <span class='ocrx_word' id='word_1_259' title='bbox 786 3208 806 3249; x_wconf 89' lang='lat' dir='ltr'>a</span> <span class='ocrx_word' id='word_1_260' title='bbox 823 3186 972 3269; x_wconf 90' lang='lat' dir='ltr'>plurimis</span> <span class='ocrx_word' id='word_1_261' title='bbox 997 3187 1100 3252; x_wconf 88' lang='lat' dir='ltr'>animi</span> <span class='ocrx_word' id='word_1_262' title='bbox 1123 3193 1333 3274; x_wconf 90' lang='lat' dir='ltr'>anteponun-</span> 
     </span>
     <span class='ocr_line' id='line_1_33' title="bbox 141 3277 405 3342; baseline -0.011 0"><span class='ocrx_word' id='word_1_263' title='bbox 141 3284 196 3342; x_wconf 89' lang='lat' dir='ltr'>tur</span> <span class='ocrx_word' id='word_1_264' title='bbox 218 3277 405 3342; x_wconf 84' lang='lat' dir='ltr'>virtutibus.</span> 
     </span>
    </p>

    <p class='ocr_par' dir='ltr' id='par_1_11' title="bbox 109 3360 1333 3449">
     <span class='ocr_line' id='line_1_34' title="bbox 109 3360 1333 3449; baseline 0 -18"><span class='ocrx_word' id='word_1_265' title='bbox 109 3383 123 3431; x_wconf 88' lang='lat'>1</span> <span class='ocrx_word' id='word_1_266' title='bbox 233 3365 274 3430; x_wconf 95' lang='grc' dir='ltr'>ΙΙ.</span> <span class='ocrx_word' id='word_1_267' title='bbox 310 3364 417 3431; x_wconf 85' lang='lat' dir='ltr'>Natus</span> <span class='ocrx_word' id='word_1_268' title='bbox 441 3367 491 3429; x_wconf 90' lang='lat' dir='ltr'>est</span> <span class='ocrx_word' id='word_1_269' title='bbox 513 3364 614 3449; x_wconf 85' lang='lat' dir='ltr'>igitur</span> <span class='ocrx_word' id='word_1_270' title='bbox 636 3367 744 3447; x_wconf 85' lang='lat' dir='ltr'>patre,</span> <span class='ocrx_word' id='word_1_271' title='bbox 768 3382 832 3444; x_wconf 90' lang='lat' dir='ltr'>quo</span> <span class='ocrx_word' id='word_1_272' title='bbox 856 3360 1011 3446; x_wconf 84' lang='lat' dir='ltr'>diximus,</span> <span class='ocrx_word' id='word_1_273' title='bbox 1034 3382 1153 3446; x_wconf 83' lang='lat' dir='ltr'>genere</span> <span class='ocrx_word' id='word_1_274' title='bbox 1177 3364 1333 3447; x_wconf 86' lang='lat' dir='ltr'>honesto,</span> 
     </span>
    </p>
   </div>
   <div class='ocr_carea' id='block_1_5' title="bbox 136 3548 1332 4325">
    <p class='ocr_par' dir='ltr' id='par_1_12' title="bbox 136 3548 1332 4325">
     <span class='ocr_line' id='line_1_35' title="bbox 180 3548 1332 3625; baseline 0.003 -17"><span class='ocrx_word' id='word_1_275' title='bbox 180 3554 214 3624; x_wconf 80' lang='lat'>³⁰)</span> <span class='ocrx_word' id='word_1_276' title='bbox 233 3553 291 3610; x_wconf 84' lang='lat' dir='ltr'>Das</span> <span class='ocrx_word' id='word_1_277' title='bbox 306 3554 425 3625; x_wconf 81' lang='lat' dir='ltr'>Gefolge</span> <span class='ocrx_word' id='word_1_278' title='bbox 443 3553 482 3609; x_wconf 89' lang='lat' dir='ltr'>ist</span> <span class='ocrx_word' id='word_1_279' title='bbox 499 3554 552 3609; x_wconf 90' lang='lat' dir='ltr'>mit</span> <span class='ocrx_word' id='word_1_280' title='bbox 569 3550 702 3622; x_wconf 79' lang='lat' dir='ltr'>gemeint.</span> <span class='ocrx_word' id='word_1_281' title='bbox 758 3548 805 3603; x_wconf 86' lang='lat' dir='ltr'>die</span> <span class='ocrx_word' id='word_1_282' title='bbox 828 3549 1075 3619; x_wconf 81' lang='lat' dir='ltr'>Verleumdungen</span> <span class='ocrx_word' id='word_1_283' title='bbox 1104 3553 1196 3608; x_wconf 87' lang='lat' dir='ltr'>seiner</span> <span class='ocrx_word' id='word_1_284' title='bbox 1222 3556 1332 3612; x_wconf 86' lang='lat' dir='ltr'>Naider</span> 
     </span>
     <span class='ocr_line' id='line_1_36' title="bbox 139 3620 1142 3726; baseline -0.001 -45"><span class='ocrx_word' id='word_1_285' title='bbox 139 3624 205 3726; x_wconf 64' lang='lat' dir='ltr'>Vgai&#39;</span> <span class='ocrx_word' id='word_1_286' title='bbox 226 3626 316 3707; x_wconf 77' lang='lat' dir='ltr'>Haun.</span> <span class='ocrx_word' id='word_1_287' title='bbox 336 3624 385 3692; x_wconf 85' lang='lat' dir='ltr'>IV,</span> <span class='ocrx_word' id='word_1_288' title='bbox 404 3631 430 3680; x_wconf 77' lang='lat'>2.</span> <span class='ocrx_word' id='word_1_289' title='bbox 505 3697 511 3707; x_wconf 91' lang='lat'>.</span> <span class='ocrx_word' id='word_1_290' title='bbox 758 3620 830 3673; x_wconf 76' lang='lat' dir='ltr'>darn</span> <span class='ocrx_word' id='word_1_291' title='bbox 848 3636 1020 3692; x_wconf 84' lang='lat' dir='ltr'>gcawungen</span> <span class='ocrx_word' id='word_1_292' title='bbox 1036 3624 1142 3681; x_wconf 79' lang='lat' dir='ltr'>wurde.</span> 
     </span>
     <span class='ocr_line' id='line_1_37' title="bbox 140 3691 1330 3821; baseline -0.027 -1"><span class='ocrx_word' id='word_1_293' title='bbox 140 3695 540 3821; x_wconf 50' lang='lat' dir='ltr'>derlffinssfifflffliffl</span> <span class='ocrx_word' id='word_1_294' title='bbox 558 3691 703 3817; x_wconf 48' lang='grc' dir='ltr'>2111ιῂἷέἛὲ-</span> <span class='ocrx_word' id='word_1_295' title='bbox 797 3722 818 3792; x_wconf 91' lang='lat'>¹)</span> <span class='ocrx_word' id='word_1_296' title='bbox 837 3721 865 3777; x_wconf 84' lang='grc' dir='ltr'>Ζ.</span> <span class='ocrx_word' id='word_1_297' title='bbox 877 3722 913 3804; x_wconf 55' lang='lat' dir='ltr'>ll,</span> <span class='ocrx_word' id='word_1_298' title='bbox 928 3727 1106 3794; x_wconf 75' lang='lat' dir='ltr'>persdnliche</span> <span class='ocrx_word' id='word_1_299' title='bbox 1124 3730 1330 3803; x_wconf 80' lang='lat' dir='ltr'>Beaiehuugen</span> 
     </span>
     <span class='ocr_line' id='line_1_38' title="bbox 138 3794 1140 3906; baseline -0.003 -16"><span class='ocrx_word' id='word_1_300' title='bbox 138 3806 199 3906; x_wconf 64' lang='lat' dir='ltr'>pos’</span> <span class='ocrx_word' id='word_1_301' title='bbox 210 3835 341 3904; x_wconf 76' lang='lat' dir='ltr'>eradhlt,¹</span> <span class='ocrx_word' id='word_1_302' title='bbox 353 3852 403 3890; x_wconf 88' lang='lat' dir='ltr'>aus</span> <span class='ocrx_word' id='word_1_303' title='bbox 426 3835 532 3890; x_wconf 82' lang='lat' dir='ltr'>blosser</span> <span class='ocrx_word' id='word_1_304' title='bbox 577 3833 703 3901; x_wconf 83' lang='lat' dir='ltr'>esorgnis</span> <span class='ocrx_word' id='word_1_305' title='bbox 758 3809 815 3849; x_wconf 57' lang='grc' dir='ltr'>ω</span> <span class='ocrx_word' id='word_1_306' title='bbox 832 3794 982 3861; x_wconf 59' lang='lat' dir='ltr'><strong>p⁰ht¹⁸⁰h⁰</strong></span> <span class='ocrx_word' id='word_1_307' title='bbox 1001 3798 1140 3869; x_wconf 58' lang='lat' dir='ltr'>Stenunss·</span> 
     </span>
     <span class='ocr_line' id='line_1_39' title="bbox 139 3895 1329 3982; baseline 0.004 -23"><span class='ocrx_word' id='word_1_308' title='bbox 139 3922 192 3960; x_wconf 85' lang='lat' dir='ltr'>vor</span> <span class='ocrx_word' id='word_1_309' title='bbox 217 3903 266 3958; x_wconf 85' lang='lat' dir='ltr'>der</span> <span class='ocrx_word' id='word_1_310' title='bbox 288 3905 427 3974; x_wconf 79' lang='lat' dir='ltr'>Ungnade</span> <span class='ocrx_word' id='word_1_311' title='bbox 454 3906 503 3961; x_wconf 89' lang='lat' dir='ltr'>des</span> <span class='ocrx_word' id='word_1_312' title='bbox 527 3903 636 3971; x_wconf 78' lang='lat' dir='ltr'>Kdnigs</span> <span class='ocrx_word' id='word_1_313' title='bbox 663 3903 703 3957; x_wconf 89' lang='lat' dir='ltr'>im</span> <span class='ocrx_word' id='word_1_314' title='bbox 798 3895 933 3982; x_wconf 68' lang='lat' dir='ltr'>’lliepcs</span> <span class='ocrx_word' id='word_1_315' title='bbox 947 3899 1149 3958; x_wconf 66' lang='grc'>1111111111</span> <span class='ocrx_word' id='word_1_316' title='bbox 1167 3906 1249 3963; x_wconf 90' lang='lat' dir='ltr'>diese</span> <span class='ocrx_word' id='word_1_317' title='bbox 1265 3909 1329 3964; x_wconf 89' lang='lat' dir='ltr'>Dis·</span> 
     </span>
     <span class='ocr_line' id='line_1_40' title="bbox 137 3968 1331 4050; baseline 0.003 -19"><span class='ocrx_word' id='word_1_318' title='bbox 137 3974 219 4031; x_wconf 82' lang='lat' dir='ltr'>Falla</span> <span class='ocrx_word' id='word_1_319' title='bbox 229 3973 307 4029; x_wconf 89' lang='lat' dir='ltr'>eines</span> <span class='ocrx_word' id='word_1_320' title='bbox 316 3975 536 4046; x_wconf 78' lang='lat' dir='ltr'>unglucklichen</span> <span class='ocrx_word' id='word_1_321' title='bbox 544 3972 701 4043; x_wconf 81' lang='lat' dir='ltr'>Feldzuges</span> <span class='ocrx_word' id='word_1_322' title='bbox 757 3968 883 4038; x_wconf 71' lang='lat' dir='ltr'>posihon</span> <span class='ocrx_word' id='word_1_323' title='bbox 905 3970 985 4050; x_wconf 80' lang='lat' dir='ltr'>mcht</span> <span class='ocrx_word' id='word_1_324' title='bbox 1006 3973 1104 4043; x_wconf 86' lang='lat' dir='ltr'>strong</span> <span class='ocrx_word' id='word_1_325' title='bbox 1127 3976 1199 4043; x_wconf 84' lang='lat' dir='ltr'>fest,</span> <span class='ocrx_word' id='word_1_326' title='bbox 1227 3978 1331 4034; x_wconf 87' lang='lat' dir='ltr'>iudam</span> 
     </span>
     <span class='ocr_line' id='line_1_41' title="bbox 137 4031 1331 4117; baseline 0.003 -15"><span class='ocrx_word' id='word_1_327' title='bbox 137 4047 167 4102; x_wconf 92' lang='lat' dir='ltr'>in</span> <span class='ocrx_word' id='word_1_328' title='bbox 185 4031 318 4114; x_wconf 75' lang='lat' dir='ltr'>ligypten</span> <span class='ocrx_word' id='word_1_329' title='bbox 340 4063 388 4099; x_wconf 86' lang='lat' dir='ltr'>aur</span> <span class='ocrx_word' id='word_1_330' title='bbox 405 4047 570 4116; x_wconf 77' lang='lat' dir='ltr'>Empdrung</span> <span class='ocrx_word' id='word_1_331' title='bbox 594 4043 701 4113; x_wconf 88' lang='lat' dir='ltr'>schritt,</span> <span class='ocrx_word' id='word_1_332' title='bbox 758 4055 790 4091; x_wconf 91' lang='lat' dir='ltr'>er</span> <span class='ocrx_word' id='word_1_333' title='bbox 812 4035 862 4117; x_wconf 77' lang='lat' dir='ltr'>das</span> <span class='ocrx_word' id='word_1_334' title='bbox 888 4041 987 4093; x_wconf 76' lang='lat' dir='ltr'>melate</span> <span class='ocrx_word' id='word_1_335' title='bbox 1009 4059 1073 4096; x_wconf 85' lang='lat' dir='ltr'>aum</span> <span class='ocrx_word' id='word_1_336' title='bbox 1097 4044 1207 4101; x_wconf 83' lang='lat' dir='ltr'>letnten</span> <span class='ocrx_word' id='word_1_337' title='bbox 1230 4048 1331 4105; x_wconf 82' lang='lat' dir='ltr'>Punkt</span> 
     </span>
     <span class='ocr_line' id='line_1_42' title="bbox 138 4107 1331 4185; baseline 0.004 -14"><span class='ocrx_word' id='word_1_338' title='bbox 138 4115 259 4172; x_wconf 89' lang='lat' dir='ltr'>sondern</span> <span class='ocrx_word' id='word_1_339' title='bbox 270 4116 344 4169; x_wconf 89' lang='lat' dir='ltr'>nach</span> <span class='ocrx_word' id='word_1_340' title='bbox 354 4116 403 4170; x_wconf 91' lang='lat' dir='ltr'>der</span> <span class='ocrx_word' id='word_1_341' title='bbox 413 4115 702 4185; x_wconf 77' lang='lat' dir='ltr'>Gesangennehmung</span> <span class='ocrx_word' id='word_1_342' title='bbox 757 4107 899 4185; x_wconf 72' lang='lat' dir='ltr'>Gehdrrgs</span> <span class='ocrx_word' id='word_1_343' title='bbox 922 4109 963 4162; x_wconf 88' lang='lat' dir='ltr'>als</span> <span class='ocrx_word' id='word_1_344' title='bbox 987 4109 1111 4182; x_wconf 90' lang='lat' dir='ltr'>Beispiel</span> <span class='ocrx_word' id='word_1_345' title='bbox 1135 4118 1195 4172; x_wconf 89' lang='lat' dir='ltr'>und</span> <span class='ocrx_word' id='word_1_346' title='bbox 1215 4120 1331 4176; x_wconf 84' lang='lat' dir='ltr'>Beweis</span> 
     </span>
     <span class='ocr_line' id='line_1_43' title="bbox 137 4175 1331 4256; baseline 0.007 -16"><span class='ocrx_word' id='word_1_347' title='bbox 137 4186 188 4241; x_wconf 91' lang='lat' dir='ltr'>des</span> <span class='ocrx_word' id='word_1_348' title='bbox 202 4182 307 4254; x_wconf 82' lang='lat' dir='ltr'>Thuys,</span> <span class='ocrx_word' id='word_1_349' title='bbox 326 4186 368 4240; x_wconf 85' lang='lat' dir='ltr'>ala</span> <span class='ocrx_word' id='word_1_350' title='bbox 388 4202 418 4240; x_wconf 89' lang='grc'>11</span> <span class='ocrx_word' id='word_1_351' title='bbox 435 4187 465 4239; x_wconf 87' lang='lat' dir='ltr'>in</span> <span class='ocrx_word' id='word_1_352' title='bbox 484 4187 533 4241; x_wconf 91' lang='lat' dir='ltr'>der</span> <span class='ocrx_word' id='word_1_353' title='bbox 547 4185 637 4241; x_wconf 83' lang='lat' dir='ltr'>Guust</span> <span class='ocrx_word' id='word_1_354' title='bbox 651 4185 700 4238; x_wconf 88' lang='lat' dir='ltr'>des</span> <span class='ocrx_word' id='word_1_355' title='bbox 757 4175 1019 4250; x_wconf 75' lang='lat' dir='ltr'>be1Beeprechung</span> <span class='ocrx_word' id='word_1_356' title='bbox 1037 4183 1331 4256; x_wconf 81' lang='lat' dir='ltr'>darEigensehaften</span> 
     </span>
     <span class='ocr_line' id='line_1_44' title="bbox 136 4245 1075 4325; baseline -0.003 -13"><span class='ocrx_word' id='word_1_357' title='bbox 136 4254 246 4325; x_wconf 81' lang='lat' dir='ltr'>Kdnigs</span> <span class='ocrx_word' id='word_1_358' title='bbox 265 4271 311 4309; x_wconf 90' lang='lat' dir='ltr'>am</span> <span class='ocrx_word' id='word_1_359' title='bbox 332 4255 469 4311; x_wconf 83' lang='lat' dir='ltr'>hdchsteu</span> <span class='ocrx_word' id='word_1_360' title='bbox 492 4256 590 4324; x_wconf 75' lang='grc'>1111111,</span> <span class='ocrx_word' id='word_1_361' title='bbox 612 4254 699 4309; x_wconf 90' lang='lat' dir='ltr'>durch</span> <span class='ocrx_word' id='word_1_362' title='bbox 756 4247 809 4300; x_wconf 71' lang='lat' dir='ltr'>des</span> <span class='ocrx_word' id='word_1_363' title='bbox 826 4245 923 4314; x_wconf 79' lang='lat' dir='ltr'>Epam.</span> <span class='ocrx_word' id='word_1_364' title='bbox 943 4251 1075 4310; x_wconf 78' lang='lat' dir='ltr'>erwahnt.</span> 
     </span>
    </p>
   </div>
   <div class='ocr_carea' id='block_1_6' title="bbox 0 0 1484 4759">
    <p class='ocr_par' dir='ltr' id='par_1_13' title="bbox 0 0 1484 4759">
     <span class='ocr_line' id='line_1_45' title="bbox 0 0 1484 4759; baseline 0 4"><span class='ocrx_word' id='word_1_365' title='bbox 0 0 1484 4759; x_wconf 95' lang='lat' dir='ltr'> </span> 
     </span>
    </p>
   </div>
  </div>
 </body>
</html>
