2959 4759
182 211 224 276 72
579 212 652 270 XIX.
677 210 845 270 Pfloclorv.
873 218 898 269 1.
916 218 943 268 4.

185 371 395 459 Nicanorem,
418 372 625 462 Cassandril)
648 375 863 461 praefectum,
885 374 1020 441 Piraeeo
1043 374 1190 441 insidiari
1216 378 1254 462 [a.
1273 377 1358 459 317]

185 463 360 547 eodemque
391 465 580 548 postulante
611 468 649 529 ut
676 465 873 549 provideret,
905 487 945 530 ne
974 464 1206 530 commeatibus
1239 465 1357 531 civitas

183 551 380 636 privaretur,
406 554 441 619 in
463 554 614 619 contione
636 554 771 640 negavit
794 574 864 619 esse
893 554 1073 638 periculum
1097 575 1192 638 seque
1216 554 1285 620 eius
1307 556 1358 620 rei

147 655 163 705 c
183 640 329 706 obsidem
354 641 423 707 fore
446 643 612 726 pollicitus
635 647 694 707 est.
735 642 788 707 Ad
811 663 900 707 arma
923 664 1039 708 vocare
1062 642 1147 708 cives
1167 643 1359 708 defendendi

184 730 320 813 periculi
344 752 441 797 causa
463 732 577 796 noluit
622 729 735 817 Neque
759 732 807 796 ita
829 732 933 796 multo
956 735 1033 814 post
1054 729 1198 797 Nicanor
1220 730 1356 799 Piraeeo

183 822 235 884 111
259 820 394 902 potitus.
443 819 497 884 Ad
524 842 620 904 quem
646 819 901 905 recuperandum
931 820 985 884 ille
1017 823 1131 885 contra
1157 820 1357 886 Nicanorem

182 907 386 992 profecturus
409 908 476 973 iarn
498 931 566 974 non
588 909 674 975 dioto
698 908 865 974 audientes
888 908 1004 974 habuit
1025 908 1251 975 Athenienses.

147 1012 161 1060 1
270 994 330 1061 III.
366 996 472 1062 Erant
500 1019 537 1062 eo
566 1003 713 1082 tempore
741 995 880 1062 Athenis
909 997 991 1062 duae
1017 997 1190 1077 factiones,
1218 1020 1358 1082 quarum

181 1107 246 1150 una
274 1086 388 1171 populi
416 1108 546 1152 causam
575 1086 709 1172 agebat,
737 1087 840 1152 altera
868 1086 1085 1170 optimatium.
1128 1085 1168 1150 In
1194 1086 1256 1152 hac
1285 1091 1360 1153 erat

182 1172 329 1239 Phocion
347 1178 381 1239 11
398 1173 584 1240 Demetrius
603 1172 822 1259 Phalereus⁷).
858 1173 997 1258 Utrique
1016 1181 1123 1240 autem
1142 1174 1358 1241 Macedonum

181 1263 373 1346 patrociniis
396 1265 587 1329 utebantur:
619 1286 696 1329 nam
718 1265 893 1350 populares
916 1262 1171 1348 Polyperchonti
1193 1264 1360 1349 favebant,

183 1353 359 1435 optimates
374 1373 447 1418 cum
462 1350 645 1418 Cassandro
664 1352 859 1437 sentiebant,
873 1352 928 1436 qui
941 1356 1052 1417 tamen
1066 1375 1085 1417 a
1098 1353 1358 1437 Polyperchonte

147 1438 373 1505 aMacedonia
399 1442 513 1525 pulsus
542 1446 619 1506 erat.
665 1440 736 1518 Quo
763 1441 850 1507 facto
878 1443 1017 1525 populus
1047 1441 1193 1525 superior
1215 1439 1357 1528 factus⁸)

184 1527 280 1593 duces
303 1529 505 1594 adversariae
523 1527 677 1595 factionis
700 1531 817 1613 capitis
836 1531 1008 1595 damnatos
1032 1531 1140 1612 patria
1162 1530 1296 1615 pepulit,
1318 1530 1357 1595 in

182 1616 235 1681 his
258 1616 454 1683 Phocionem
479 1622 513 1682 et
534 1618 737 1683 Demetrium
756 1618 960 1701 Phalereum,
983 1620 1085 1703 deque
1108 1641 1146 1683 ea
1169 1641 1204 1684 re
1227 1620 1357 1704 legatos

183 1706 224 1771 ad
246 1704 537 1791 Polyperchontem
566 1708 669 1790 misit,
698 1707 755 1791 qui
782 1708 822 1772 ab
846 1728 884 1771 eo
907 1711 1056 1791 peterent
1077 1711 1115 1772 ut
1144 1730 1203 1773 sua
1225 1707 1356 1772 decreta

146 1812 163 1862 3
183 1794 398 1861 confirmaret
434 1794 558 1861 Eodem
571 1795 737 1880 profectus
757 1799 828 1860 erat
841 1794 985 1861 Phocion
1004 1796 1056 1860 sui
1068 1797 1229 1881 purgandi
1248 1817 1356 1861 causa.

184 1882 255 1960 Quo
274 1887 311 1947 ut
328 1885 426 1966 venit,
449 1906 580 1950 causam
599 1885 684 1968 apud
704 1884 892 1968 Philippum
910 1905 1020 1970 regem
1040 1887 1146 1964 verbo,
1171 1907 1204 1949 11
1224 1885 1355 1969 quidem

180 1973 254 2056 ipsa
281 1972 367 2057 apud
390 1972 685 2057 Polyperchontem
713 1974 821 2038 iussus
845 1977 895 2038 est
918 1973 1035 2038 dicere:
1065 1996 1203 2059 namque
1232 1974 1260 2038 is
1283 1978 1355 2039 tum

145 2061 267 2147 arogis
303 2061 401 2126 rebus
437 2069 595 2147 praeerat
654 2062 707 2127 Ab
737 2062 876 2147 Agnone
912 2062 1012 2145 igitur
1048 2068 1232 2143 accusatus,
1268 2063 1355 2146 quod

182 2149 351 2214 Piraeeum
373 2149 529 2216 Nicanori
556 2151 766 2236 prodidisset,
793 2173 832 2216 ex
854 2151 983 2216 consilii
1006 2153 1166 2216 sententia
1188 2152 1223 2215 in
1247 2156 1354 2216 custo·

181 2238 268 2303 diam
288 2240 466 2325 coniectus,
484 2240 557 2304 dein
572 2239 719 2305 Athenas
738 2239 894 2305 deductus
914 2243 972 2322 111,
995 2244 1030 2304 ut
1047 2240 1095 2304 ibi
1113 2241 1151 2304 de
1170 2261 1208 2305 eo
1226 2240 1354 2325 legibus

179 2328 270 2393 fieret
293 2327 456 2394 iudicium.

146 2447 160 2495 1
270 2415 327 2480 IV.
354 2417 404 2482 Ec
428 2418 484 2482 ubi
507 2419 699 2500 perventum
722 2422 786 2501 est,
816 2438 887 2482 cum
912 2420 1046 2501 propter
1069 2414 1241 2504 aetatem⁹)
1265 2417 1355 2500 pedi-

181 2505 242 2570 bus
265 2505 332 2570 iam
355 2527 421 2571 non
445 2507 568 2571 valeret
590 2505 803 2589 vehiculoque
826 2510 1021 2590 portaretur,
1042 2506 1155 2591 magni
1178 2527 1353 2572 concursus

182 2598 259 2659 sunt
273 2594 362 2679 facti,
382 2617 454 2659 curn
473 2594 538 2679 alii,
556 2594 800 2659 reminiscentes
819 2595 936 2659 veteris
950 2594 1066 2677 famae,
1085 2596 1205 2660 aetatis
1223 2596 1354 2660 misere·

181 2685 305 2765 rentur,
331 2683 464 2768 plurimi
487 2704 562 2747 vero
590 2682 641 2747 ira
669 2688 914 2766 exacuerentur,
946 2682 1032 2766 quod
1060 2683 1212 2748 adversus
1240 2684 1354 2769 populi

147 2771 349 2850 2commoda
372 2772 406 2835 in
431 2773 596 2835 senectute
621 2774 765 2836 steterat.
810 2771 860 2835 De
883 2772 1078 2855 proditionis
1104 2773 1287 2856 suspicione
1308 2793 1351 2835 ne

181 2860 358 2944 perorandi
372 2860 501 2945 quidem
521 2860 551 2924 ei
565 2859 642 2923 data
660 2864 710 2925 est
724 2860 863 2925 facultas
879 2861 998 2925 dicenti
1017 2881 1150 2925 causam
1168 2861 1202 2925 in
1221 2860 1353 2925 iudicio:

180 2948 337 3034 legitimis
357 2949 549 3034 quibusdam
568 2947 664 3013 rebus
688 2949 845 3015 confectis
868 2949 1040 3014 damnatus
1062 2950 1201 3014 traditus
1220 2952 1271 3014 est
1294 2971 1353 3014 un·

181 3037 377 3123 decimviris,
406 3038 522 3122 quibus
547 3038 587 3101 ad
612 3037 806 3122 supplicium
831 3058 921 3102 more
945 3037 1194 3102 Atheniensium
1221 3038 1352 3121 publice

143 3160 159 3208 3
180 3126 328 3192 damnati
344 3127 431 3191 tradi
449 3127 562 3192 solent.
600 3123 681 3190 Cum
701 3131 810 3191 autem
830 3126 870 3190 ad
888 3129 1025 3190 mortem
1039 3125 1216 3209 duceretur,
1235 3126 1352 3191 obvius

179 3215 209 3279 ei
227 3215 292 3280 fuit
308 3215 515 3299 Euphiletus,
538 3236 601 3300 quo
624 3214 832 3280 familiariter
852 3212 960 3279 fuerat
981 3235 1068 3279 usus.
1103 3213 1136 3279 11
1160 3237 1234 3280 cum
1256 3215 1352 3279 lacri-

180 3325 273 3369 mans
301 3304 437 3369 dixisset
464 3303 496 3369 ‘o
520 3325 616 3388 quarn
644 3303 779 3389 indigna
807 3302 998 3388 perpeteris,
1023 3301 1196 3369 Phocionl’
1225 3303 1279 3368 illc
1303 3303 1352 3368 ‘at

215 3531 237 3601 ο)
260 3530 468 3602 Polyperchon,
505 3529 650 3585 Vormund
686 3531 736 3586 des
791 3529 905 3586 Stdtzen
934 3529 979 3585 111
1006 3530 1082 3585 seina
1110 3531 1206 3585 Macht
1239 3548 1273 3585 zu
1303 3546 1352 3601 ge·

177 3598 636 3672 Ktnigsundlteichsvertvescrin
645 3602 736 3657 Mace·
789 3602 910 3656 vvinneu.

177 3673 280 3728 donicn
300 3672 355 3728 seit
373 3672 535 3743 Antipaters
555 3673 632 3728 Tode
652 3676 735 3744 (³19),
828 3673 848 3739 ⁷)
869 3672 967 3728 Dieser
994 3673 1089 3727 11111111
1116 3672 1241 3728 naohher
1268 3673 1353 3726 unter

176 3745 255 3799 hatte
283 3744 447 3815 Antipaters
477 3744 553 3799 Sohn
580 3742 736 3800 Cassander
790 3742 952 3811 Cassander,
968 3744 1010 3798 als
1021 3743 1112 3798 dieser
1126 3742 1351 3800 inMaccdonien

176 3831 226 3869 aus
236 3815 420 3870 Macedonica
435 3814 588 3885 1111111131
600 3816 658 3869 und
672 3820 735 3884 318,
790 3834 839 3869 rur
857 3815 1022 3870 Herrschatt
1039 3813 1157 3884 gelangt
1181 3830 1252 3881 var,
1280 3815 1351 3868 111111

176 3903 224 3939 um
238 3886 283 3941 die
296 3885 436 3942 Griechcn
450 3887 511 3942 sich
525 3905 559 3940 au
573 3884 735 3956 verbinden,
789 3886 875 3941 Jahre
894 3885 962 3957 lang
980 3888 1154 3954 (ars-807)
1179 3886 1226 3939 ein
1243 3883 1350 3954 vielge·

175 3957 205 4011 iu
222 3955 317 4024 Athen
339 3959 396 4012 und
419 3957 590 4013 andcrvtrts
614 3956 660 4012 die
679 3975 734 4013 von
787 3958 930 4028 priesenes
948 3956 1098 4026 Regiment
1120 3956 1150 4010 in
1167 3957 1276 4024 Athen,
1303 3956 1351 4010 bai

174 4027 323 4097 Antipater
359 4028 537 4099 eingelegten
575 4028 734 4084 macedoni·
788 4027 1015 4098 oligarchischen
1029 4026 1332 4096 Verfaasungsformen.

176 4100 262 4154 schen
285 4099 479 4171 Besatzungen
506 4098 734 4170 rurdckgezogen
826 4101 848 4170 8)
865 4099 923 4154 Das
937 4099 1049 4154 11111111
1064 4098 1139 4154 siche
1153 4098 1235 4153 Anm.
1246 4103 1272 4153 6.
1295 4096 1349 4154 Da·

175 4170 232 4225 und
260 4169 315 4225 den
344 4172 516 4226 verbannten
543 4170 734 4226 Demokraten
787 4171 927 4226 zvischen
955 4169 1003 4224 fiel
1025 4187 1083 4225 nun
1106 4171 1164 4224 crst
1190 4169 1236 4224 die
1263 4170 1351 4225 schou

176 4241 221 4297 die
235 4240 388 4296 Rdckkahr
404 4243 548 4312 gestattet.
579 4241 734 4297 Cassander
787 4242 930 4296 1111111111
962 4239 1118 4297 Einnahme
1153 4239 1204 4296 das
1235 4238 1350 4297 Piscem

176 4312 274 4367 suchtc
293 4329 363 4380 uun,
384 4312 436 4368 ehe
455 4328 485 4366 cr
502 4312 531 4367 in
548 4311 733 4368 Macedonien
786 4313 875 4367 durch
893 4310 1023 4369 Nicanor.

178 4382 281 4439 wieder
317 4381 435 4451 anstrat,
467 4383 497 4437 in
528 4381 733 4441 Criechcnland
823 4380 1200 4452 1)111111181111111111.
