<?xml version="1.0" encoding="UTF-8"?>
<!DOCTYPE html PUBLIC "-//W3C//DTD XHTML 1.0 Transitional//EN"
    "http://www.w3.org/TR/xhtml1/DTD/xhtml1-transitional.dtd">
<html xmlns="http://www.w3.org/1999/xhtml" xml:lang="en" lang="en">
 <head>
  <title>
</title>
<meta http-equiv="Content-Type" content="text/html;charset=utf-8" />
  <meta name='ocr-system' content='tesseract 3.04.00' />
  <meta name='ocr-capabilities' content='ocr_page ocr_carea ocr_par ocr_line ocrx_word'/>
</head>
<body>
  <div class='ocr_page' id='page_1' title='image "./corneliinepotis01ortmgoog_0080.png"; bbox 0 0 2959 4759; ppageno 0'>
   <div class='ocr_carea' id='block_1_1' title="bbox 65 157 942 268">
    <p class='ocr_par' dir='ltr' id='par_1_1' title="bbox 65 157 942 268">
     <span class='ocr_line' id='line_1_1' title="bbox 65 157 942 268; baseline 0.002 -9"><span class='ocrx_word' id='word_1_1' title='bbox 65 157 69 164; x_wconf 23' lang='lat'>⁸</span> <span class='ocrx_word' id='word_1_2' title='bbox 177 204 220 268; x_wconf 85' lang='grc'>68</span> <span class='ocrx_word' id='word_1_3' title='bbox 574 203 676 259; x_wconf 83' lang='lat' dir='ltr'><strong>XVIII.</strong></span> <span class='ocrx_word' id='word_1_4' title='bbox 708 201 893 258; x_wconf 80' lang='lat' dir='ltr'><strong>EUMENES.</strong></span> <span class='ocrx_word' id='word_1_5' title='bbox 917 209 942 261; x_wconf 86' lang='grc'>9.</span> 
     </span>
    </p>
   </div>
   <div class='ocr_carea' id='block_1_2' title="bbox 176 365 1355 451">
    <p class='ocr_par' dir='ltr' id='par_1_2' title="bbox 176 365 1355 451">
     <span class='ocr_line' id='line_1_2' title="bbox 176 365 1355 451; baseline 0 -21"><span class='ocrx_word' id='word_1_6' title='bbox 176 366 384 451; x_wconf 77' lang='lat' dir='ltr'>intellegeret</span> <span class='ocrx_word' id='word_1_7' title='bbox 400 388 512 451; x_wconf 88' lang='lat' dir='ltr'>parem</span> <span class='ocrx_word' id='word_1_8' title='bbox 532 389 567 432; x_wconf 88' lang='lat' dir='ltr'>se</span> <span class='ocrx_word' id='word_1_9' title='bbox 586 387 741 431; x_wconf 88' lang='lat' dir='ltr'>essenon</span> <span class='ocrx_word' id='word_1_10' title='bbox 760 387 856 450; x_wconf 90' lang='lat' dir='ltr'>posse</span> <span class='ocrx_word' id='word_1_11' title='bbox 870 366 994 450; x_wconf 87' lang='lat' dir='ltr'>paratis</span> <span class='ocrx_word' id='word_1_12' title='bbox 1014 365 1217 449; x_wconf 87' lang='lat' dir='ltr'>adversariis,</span> <span class='ocrx_word' id='word_1_13' title='bbox 1236 366 1355 430; x_wconf 75' lang='lat' dir='ltr'><strong>statuit</strong></span> 
     </span>
    </p>
   </div>
   <div class='ocr_carea' id='block_1_3' title="bbox 177 452 1471 540">
    <p class='ocr_par' dir='ltr' id='par_1_3' title="bbox 177 452 1471 540">
     <span class='ocr_line' id='line_1_3' title="bbox 177 452 1471 540; baseline 0.001 -22"><span class='ocrx_word' id='word_1_14' title='bbox 177 454 300 540; x_wconf 89' lang='lat' dir='ltr'>aliquid</span> <span class='ocrx_word' id='word_1_15' title='bbox 329 455 391 519; x_wconf 90' lang='lat' dir='ltr'>sibi</span> <span class='ocrx_word' id='word_1_16' title='bbox 419 455 547 521; x_wconf 88' lang='lat' dir='ltr'>consilii</span> <span class='ocrx_word' id='word_1_17' title='bbox 577 455 656 521; x_wconf 83' lang='lat' dir='ltr'>nori</span> <span class='ocrx_word' id='word_1_18' title='bbox 683 476 754 520; x_wconf 91' lang='lat' dir='ltr'>esse</span> <span class='ocrx_word' id='word_1_19' title='bbox 782 454 980 539; x_wconf 86' lang='lat' dir='ltr'>capiendum.</span> <span class='ocrx_word' id='word_1_20' title='bbox 1031 452 1122 519; x_wconf 89' lang='lat' dir='ltr'>Duae</span> <span class='ocrx_word' id='word_1_21' title='bbox 1151 458 1245 519; x_wconf 90' lang='lat' dir='ltr'>erant</span> <span class='ocrx_word' id='word_1_22' title='bbox 1271 454 1353 539; x_wconf 80' lang='lat' dir='ltr'>viae,</span> <span class='ocrx_word' id='word_1_23' title='bbox 1470 495 1471 498; x_wconf 60' lang='lat'><em>=</em></span> 
     </span>
    </p>
   </div>
   <div class='ocr_carea' id='block_1_4' title="bbox 139 542 1356 3734">
    <p class='ocr_par' dir='ltr' id='par_1_4' title="bbox 139 542 1355 1252">
     <span class='ocr_line' id='line_1_4' title="bbox 178 542 1354 628; baseline 0 -21"><span class='ocrx_word' id='word_1_24' title='bbox 178 565 241 628; x_wconf 88' lang='lat' dir='ltr'>qua</span> <span class='ocrx_word' id='word_1_25' title='bbox 264 565 304 609; x_wconf 87' lang='lat' dir='ltr'>ex</span> <span class='ocrx_word' id='word_1_26' title='bbox 322 542 436 628; x_wconf 89' lang='lat' dir='ltr'>Medis,</span> <span class='ocrx_word' id='word_1_27' title='bbox 454 545 511 608; x_wconf 92' lang='lat' dir='ltr'>ubi</span> <span class='ocrx_word' id='word_1_28' title='bbox 528 544 583 609; x_wconf 88' lang='lat' dir='ltr'>ille</span> <span class='ocrx_word' id='word_1_29' title='bbox 602 544 777 625; x_wconf 72' lang='lat' dir='ltr'><strong>hiemabat</strong></span> <span class='ocrx_word' id='word_1_30' title='bbox 796 543 837 610; x_wconf 91' lang='lat' dir='ltr'>ad</span> <span class='ocrx_word' id='word_1_31' title='bbox 859 543 1120 610; x_wconf 83' lang='lat' dir='ltr'>adversariorum</span> <span class='ocrx_word' id='word_1_32' title='bbox 1139 543 1354 608; x_wconf 77' lang='lat' dir='ltr'>hibernacula</span> 
     </span>
     <span class='ocr_line' id='line_1_5' title="bbox 142 631 1353 718; baseline -0.002 -21"><span class='ocrx_word' id='word_1_33' title='bbox 142 636 290 716; x_wconf 80' lang='lat' dir='ltr'>tposset</span> <span class='ocrx_word' id='word_1_34' title='bbox 318 633 489 718; x_wconf 85' lang='lat' dir='ltr'>perveniri.</span> <span class='ocrx_word' id='word_1_35' title='bbox 535 633 678 710; x_wconf 81' lang='lat' dir='ltr'>Quarum</span> <span class='ocrx_word' id='word_1_36' title='bbox 708 633 837 699; x_wconf 85' lang='lat' dir='ltr'>brevior</span> <span class='ocrx_word' id='word_1_37' title='bbox 868 632 996 698; x_wconf 86' lang='lat' dir='ltr'>ferebat</span> <span class='ocrx_word' id='word_1_38' title='bbox 1022 654 1081 718; x_wconf 87' lang='lat' dir='ltr'>par</span> <span class='ocrx_word' id='word_1_39' title='bbox 1112 633 1186 698; x_wconf 92' lang='lat' dir='ltr'>loca</span> <span class='ocrx_word' id='word_1_40' title='bbox 1214 631 1353 717; x_wconf 88' lang='lat' dir='ltr'>deserta,</span> 
     </span>
     <span class='ocr_line' id='line_1_6' title="bbox 175 720 1354 806; baseline 0 -21"><span class='ocrx_word' id='word_1_41' title='bbox 175 742 257 806; x_wconf 87' lang='lat' dir='ltr'>quae</span> <span class='ocrx_word' id='word_1_42' title='bbox 287 742 383 787; x_wconf 90' lang='lat' dir='ltr'>nemo</span> <span class='ocrx_word' id='word_1_43' title='bbox 406 722 572 787; x_wconf 79' lang='lat' dir='ltr'>incolebat</span> <span class='ocrx_word' id='word_1_44' title='bbox 597 725 730 806; x_wconf 89' lang='lat' dir='ltr'>propter</span> <span class='ocrx_word' id='word_1_45' title='bbox 753 744 856 806; x_wconf 88' lang='lat' dir='ltr'>aquae</span> <span class='ocrx_word' id='word_1_46' title='bbox 879 722 1036 805; x_wconf 90' lang='lat' dir='ltr'>inopiam,</span> <span class='ocrx_word' id='word_1_47' title='bbox 1060 724 1202 787; x_wconf 90' lang='lat' dir='ltr'>ceterum</span> <span class='ocrx_word' id='word_1_48' title='bbox 1225 720 1354 786; x_wconf 90' lang='lat' dir='ltr'>dierum</span> 
     </span>
     <span class='ocr_line' id='line_1_7' title="bbox 175 808 1353 895; baseline 0.003 -22"><span class='ocrx_word' id='word_1_49' title='bbox 175 811 245 874; x_wconf 89' lang='lat' dir='ltr'>erat</span> <span class='ocrx_word' id='word_1_50' title='bbox 272 808 339 875; x_wconf 87' lang='lat' dir='ltr'>fara</span> <span class='ocrx_word' id='word_1_51' title='bbox 367 811 491 876; x_wconf 88' lang='lat' dir='ltr'>decem:</span> <span class='ocrx_word' id='word_1_52' title='bbox 519 812 576 877; x_wconf 88' lang='lat' dir='ltr'>illa</span> <span class='ocrx_word' id='word_1_53' title='bbox 605 814 729 895; x_wconf 87' lang='lat' dir='ltr'>autem,</span> <span class='ocrx_word' id='word_1_54' title='bbox 762 833 826 895; x_wconf 87' lang='lat' dir='ltr'>qua</span> <span class='ocrx_word' id='word_1_55' title='bbox 849 831 961 875; x_wconf 90' lang='lat' dir='ltr'>omnes</span> <span class='ocrx_word' id='word_1_56' title='bbox 984 808 1223 891; x_wconf 78' lang='lat' dir='ltr'>commeabant,</span> <span class='ocrx_word' id='word_1_57' title='bbox 1246 810 1353 876; x_wconf 88' lang='lat' dir='ltr'>altero</span> 
     </span>
     <span class='ocr_line' id='line_1_8' title="bbox 174 899 1350 985; baseline 0 -22"><span class='ocrx_word' id='word_1_58' title='bbox 174 902 267 964; x_wconf 88' lang='lat' dir='ltr'>tanto</span> <span class='ocrx_word' id='word_1_59' title='bbox 286 899 465 985; x_wconf 80' lang='lat' dir='ltr'>longiorem</span> <span class='ocrx_word' id='word_1_60' title='bbox 482 900 627 966; x_wconf 90' lang='lat' dir='ltr'>habebat</span> <span class='ocrx_word' id='word_1_61' title='bbox 648 899 840 984; x_wconf 87' lang='lat' dir='ltr'>anfractum,</span> <span class='ocrx_word' id='word_1_62' title='bbox 863 900 919 965; x_wconf 90' lang='lat' dir='ltr'>sed</span> <span class='ocrx_word' id='word_1_63' title='bbox 939 904 1008 966; x_wconf 87' lang='lat' dir='ltr'>erat</span> <span class='ocrx_word' id='word_1_64' title='bbox 1030 899 1163 982; x_wconf 92' lang='lat' dir='ltr'>copiosa</span> <span class='ocrx_word' id='word_1_65' title='bbox 1183 899 1350 964; x_wconf 89' lang='lat' dir='ltr'>omnibus·</span> 
     </span>
     <span class='ocr_line' id='line_1_9' title="bbox 139 987 1349 1073; baseline -0.001 -20"><span class='ocrx_word' id='word_1_66' title='bbox 139 1004 237 1071; x_wconf 80' lang='lat' dir='ltr'>eque</span> <span class='ocrx_word' id='word_1_67' title='bbox 259 988 356 1053; x_wconf 88' lang='lat' dir='ltr'>rebus</span> <span class='ocrx_word' id='word_1_68' title='bbox 381 989 559 1054; x_wconf 88' lang='lat' dir='ltr'>abundans.</span> <span class='ocrx_word' id='word_1_69' title='bbox 596 987 668 1054; x_wconf 84' lang='lat' dir='ltr'>Hac</span> <span class='ocrx_word' id='word_1_70' title='bbox 690 988 719 1052; x_wconf 93' lang='lat' dir='ltr'>si</span> <span class='ocrx_word' id='word_1_71' title='bbox 741 988 1007 1073; x_wconf 88' lang='lat' dir='ltr'>proficisceretur,</span> <span class='ocrx_word' id='word_1_72' title='bbox 1026 987 1238 1071; x_wconf 80' lang='lat' dir='ltr'>intellegebat</span> <span class='ocrx_word' id='word_1_73' title='bbox 1255 989 1349 1070; x_wconf 90' lang='lat' dir='ltr'>prius</span> 
     </span>
     <span class='ocr_line' id='line_1_10' title="bbox 177 1075 1354 1162; baseline -0.001 -21"><span class='ocrx_word' id='word_1_74' title='bbox 177 1075 381 1142; x_wconf 83' lang='lat' dir='ltr'>adversarios</span> <span class='ocrx_word' id='word_1_75' title='bbox 414 1077 453 1141; x_wconf 90' lang='lat' dir='ltr'>de</span> <span class='ocrx_word' id='word_1_76' title='bbox 485 1099 544 1143; x_wconf 93' lang='lat' dir='ltr'>suo</span> <span class='ocrx_word' id='word_1_77' title='bbox 576 1077 716 1143; x_wconf 82' lang='lat' dir='ltr'>adventu</span> <span class='ocrx_word' id='word_1_78' title='bbox 753 1078 944 1160; x_wconf 80' lang='lat' dir='ltr'>rescituros,</span> <span class='ocrx_word' id='word_1_79' title='bbox 983 1098 1080 1162; x_wconf 91' lang='lat' dir='ltr'>quam</span> <span class='ocrx_word' id='word_1_80' title='bbox 1116 1077 1186 1161; x_wconf 87' lang='lat' dir='ltr'>ipse</span> <span class='ocrx_word' id='word_1_81' title='bbox 1217 1076 1354 1141; x_wconf 88' lang='lat' dir='ltr'>tertiam</span> 
     </span>
     <span class='ocr_line' id='line_1_11' title="bbox 177 1161 1355 1252; baseline -0.001 -22"><span class='ocrx_word' id='word_1_82' title='bbox 177 1168 303 1249; x_wconf 89' lang='lat' dir='ltr'>partem</span> <span class='ocrx_word' id='word_1_83' title='bbox 336 1163 528 1232; x_wconf 80' lang='lat' dir='ltr'>confecisset</span> <span class='ocrx_word' id='word_1_84' title='bbox 555 1166 698 1231; x_wconf 87' lang='lat' dir='ltr'>itineris:</span> <span class='ocrx_word' id='word_1_85' title='bbox 730 1167 782 1232; x_wconf 90' lang='lat' dir='ltr'>sin</span> <span class='ocrx_word' id='word_1_86' title='bbox 805 1188 864 1252; x_wconf 89' lang='lat' dir='ltr'>per</span> <span class='ocrx_word' id='word_1_87' title='bbox 889 1167 963 1231; x_wconf 88' lang='lat' dir='ltr'>loca</span> <span class='ocrx_word' id='word_1_88' title='bbox 987 1161 1105 1251; x_wconf 57' lang='lat' dir='ltr'>solam)</span> <span class='ocrx_word' id='word_1_89' title='bbox 1134 1165 1355 1250; x_wconf 88' lang='lat' dir='ltr'>contenderet,</span> 
     </span>
    </p>

    <p class='ocr_par' dir='ltr' id='par_1_5' title="bbox 142 1253 1355 1695">
     <span class='ocr_line' id='line_1_12' title="bbox 142 1253 1355 1340; baseline -0.002 -19"><span class='ocrx_word' id='word_1_90' title='bbox 142 1272 157 1321; x_wconf 73' lang='grc'><strong>7</strong></span> <span class='ocrx_word' id='word_1_91' title='bbox 179 1255 333 1337; x_wconf 87' lang='lat' dir='ltr'>sperabat</span> <span class='ocrx_word' id='word_1_92' title='bbox 356 1276 389 1319; x_wconf 89' lang='lat' dir='ltr'>se</span> <span class='ocrx_word' id='word_1_93' title='bbox 412 1253 649 1337; x_wconf 87' lang='lat' dir='ltr'>imprudentem</span> <span class='ocrx_word' id='word_1_94' title='bbox 671 1254 801 1320; x_wconf 90' lang='lat' dir='ltr'>hostem</span> <span class='ocrx_word' id='word_1_95' title='bbox 824 1276 1064 1340; x_wconf 89' lang='lat' dir='ltr'>oppressurum.</span> <span class='ocrx_word' id='word_1_96' title='bbox 1103 1253 1153 1318; x_wconf 82' lang='lat' dir='ltr'>Ad</span> <span class='ocrx_word' id='word_1_97' title='bbox 1177 1253 1261 1317; x_wconf 87' lang='lat' dir='ltr'>banc</span> <span class='ocrx_word' id='word_1_98' title='bbox 1283 1275 1355 1319; x_wconf 86' lang='lat' dir='ltr'>rem</span> 
     </span>
     <span class='ocr_line' id='line_1_13' title="bbox 178 1343 1354 1429; baseline 0 -21"><span class='ocrx_word' id='word_1_99' title='bbox 178 1343 411 1409; x_wconf 89' lang='lat' dir='ltr'>conficiendam</span> <span class='ocrx_word' id='word_1_100' title='bbox 425 1343 597 1426; x_wconf 86' lang='lat' dir='ltr'>imperavit</span> <span class='ocrx_word' id='word_1_101' title='bbox 610 1365 709 1428; x_wconf 87' lang='lat' dir='ltr'>quam</span> <span class='ocrx_word' id='word_1_102' title='bbox 722 1343 881 1429; x_wconf 90' lang='lat' dir='ltr'>plurimos</span> <span class='ocrx_word' id='word_1_103' title='bbox 897 1347 988 1408; x_wconf 87' lang='lat' dir='ltr'>utres</span> <span class='ocrx_word' id='word_1_104' title='bbox 1003 1347 1101 1427; x_wconf 91' lang='lat' dir='ltr'>atque</span> <span class='ocrx_word' id='word_1_105' title='bbox 1115 1343 1215 1407; x_wconf 86' lang='lat' dir='ltr'>etiam</span> <span class='ocrx_word' id='word_1_106' title='bbox 1229 1343 1354 1408; x_wconf 90' lang='lat' dir='ltr'>culleos</span> 
     </span>
     <span class='ocr_line' id='line_1_14' title="bbox 179 1430 1355 1516; baseline -0.002 -19"><span class='ocrx_word' id='word_1_107' title='bbox 179 1433 374 1515; x_wconf 87' lang='lat' dir='ltr'>comparari,</span> <span class='ocrx_word' id='word_1_108' title='bbox 396 1432 552 1515; x_wconf 91' lang='lat' dir='ltr'>pabulum</span> <span class='ocrx_word' id='word_1_109' title='bbox 574 1436 744 1516; x_wconf 86' lang='lat' dir='ltr'>praeterea</span> <span class='ocrx_word' id='word_1_110' title='bbox 767 1436 800 1497; x_wconf 92' lang='lat' dir='ltr'>et</span> <span class='ocrx_word' id='word_1_111' title='bbox 825 1433 948 1499; x_wconf 87' lang='lat' dir='ltr'>cibaria</span> <span class='ocrx_word' id='word_1_112' title='bbox 969 1435 1062 1497; x_wconf 91' lang='lat' dir='ltr'>cocta</span> <span class='ocrx_word' id='word_1_113' title='bbox 1085 1431 1210 1496; x_wconf 90' lang='lat' dir='ltr'>dierum</span> <span class='ocrx_word' id='word_1_114' title='bbox 1232 1430 1355 1516; x_wconf 89' lang='lat' dir='ltr'>decem,</span> 
     </span>
     <span class='ocr_line' id='line_1_15' title="bbox 175 1519 1354 1607; baseline 0.001 -23"><span class='ocrx_word' id='word_1_115' title='bbox 175 1523 326 1604; x_wconf 91' lang='lat' dir='ltr'>utquam</span> <span class='ocrx_word' id='word_1_116' title='bbox 345 1520 477 1584; x_wconf 89' lang='lat' dir='ltr'>minime</span> <span class='ocrx_word' id='word_1_117' title='bbox 496 1519 587 1584; x_wconf 89' lang='lat' dir='ltr'>fieret</span> <span class='ocrx_word' id='word_1_118' title='bbox 599 1520 687 1604; x_wconf 91' lang='lat' dir='ltr'>ignis</span> <span class='ocrx_word' id='word_1_119' title='bbox 705 1520 739 1585; x_wconf 91' lang='lat' dir='ltr'>in</span> <span class='ocrx_word' id='word_1_120' title='bbox 759 1522 885 1587; x_wconf 89' lang='lat' dir='ltr'>castris.</span> <span class='ocrx_word' id='word_1_121' title='bbox 919 1520 988 1586; x_wconf 91' lang='lat' dir='ltr'>Iter</span> <span class='ocrx_word' id='word_1_122' title='bbox 1005 1542 1069 1605; x_wconf 90' lang='lat' dir='ltr'>quo</span> <span class='ocrx_word' id='word_1_123' title='bbox 1088 1519 1220 1607; x_wconf 87' lang='lat' dir='ltr'>habeat,</span> <span class='ocrx_word' id='word_1_124' title='bbox 1238 1541 1354 1585; x_wconf 90' lang='lat' dir='ltr'>omnes</span> 
     </span>
     <span class='ocr_line' id='line_1_16' title="bbox 175 1607 1114 1695; baseline -0.001 -21"><span class='ocrx_word' id='word_1_125' title='bbox 175 1608 268 1674; x_wconf 88' lang='lat' dir='ltr'>celat.</span> <span class='ocrx_word' id='word_1_126' title='bbox 315 1607 368 1674; x_wconf 80' lang='lat' dir='ltr'>Sic</span> <span class='ocrx_word' id='word_1_127' title='bbox 391 1612 533 1692; x_wconf 85' lang='lat' dir='ltr'>paratus,</span> <span class='ocrx_word' id='word_1_128' title='bbox 556 1630 621 1692; x_wconf 87' lang='lat' dir='ltr'>qua</span> <span class='ocrx_word' id='word_1_129' title='bbox 643 1610 867 1692; x_wconf 86' lang='lat' dir='ltr'>constituerat,</span> <span class='ocrx_word' id='word_1_130' title='bbox 889 1609 1114 1695; x_wconf 88' lang='lat' dir='ltr'>proficiscitur.</span> 
     </span>
    </p>

    <p class='ocr_par' dir='ltr' id='par_1_6' title="bbox 142 1695 1355 2048">
     <span class='ocr_line' id='line_1_17' title="bbox 142 1695 1349 1782; baseline -0.001 -18"><span class='ocrx_word' id='word_1_131' title='bbox 142 1714 157 1764; x_wconf 94' lang='lat'>1</span> <span class='ocrx_word' id='word_1_132' title='bbox 264 1695 322 1761; x_wconf 89' lang='lat' dir='ltr'>IX.</span> <span class='ocrx_word' id='word_1_133' title='bbox 353 1696 530 1762; x_wconf 90' lang='lat' dir='ltr'>Dimidium</span> <span class='ocrx_word' id='word_1_134' title='bbox 563 1697 630 1761; x_wconf 84' lang='lat' dir='ltr'>fere</span> <span class='ocrx_word' id='word_1_135' title='bbox 662 1696 806 1780; x_wconf 84' lang='lat' dir='ltr'>spatium</span> <span class='ocrx_word' id='word_1_136' title='bbox 838 1697 1035 1782; x_wconf 86' lang='lat' dir='ltr'>confecerat,</span> <span class='ocrx_word' id='word_1_137' title='bbox 1071 1719 1145 1763; x_wconf 90' lang='lat' dir='ltr'>cum</span> <span class='ocrx_word' id='word_1_138' title='bbox 1181 1719 1221 1763; x_wconf 87' lang='lat' dir='ltr'>ex</span> <span class='ocrx_word' id='word_1_139' title='bbox 1256 1696 1349 1763; x_wconf 87' lang='lat' dir='ltr'>fumo</span> 
     </span>
     <span class='ocr_line' id='line_1_18' title="bbox 176 1784 1352 1872; baseline 0 -22"><span class='ocrx_word' id='word_1_140' title='bbox 176 1789 356 1851; x_wconf 89' lang='lat' dir='ltr'>castrorum</span> <span class='ocrx_word' id='word_1_141' title='bbox 380 1787 449 1850; x_wconf 90' lang='lat' dir='ltr'>eius</span> <span class='ocrx_word' id='word_1_142' title='bbox 468 1786 609 1869; x_wconf 92' lang='lat' dir='ltr'>suspicio</span> <span class='ocrx_word' id='word_1_143' title='bbox 628 1785 730 1850; x_wconf 88' lang='lat' dir='ltr'>allata</span> <span class='ocrx_word' id='word_1_144' title='bbox 752 1789 803 1850; x_wconf 89' lang='lat' dir='ltr'>est</span> <span class='ocrx_word' id='word_1_145' title='bbox 826 1787 867 1850; x_wconf 90' lang='lat' dir='ltr'>ad</span> <span class='ocrx_word' id='word_1_146' title='bbox 885 1784 1065 1852; x_wconf 80' lang='lat' dir='ltr'>Eumenem</span> <span class='ocrx_word' id='word_1_147' title='bbox 1083 1787 1213 1851; x_wconf 91' lang='lat' dir='ltr'>hostem</span> <span class='ocrx_word' id='word_1_148' title='bbox 1234 1807 1352 1872; x_wconf 88' lang='lat' dir='ltr'>appro-</span> 
     </span>
     <span class='ocr_line' id='line_1_19' title="bbox 174 1872 1354 1962; baseline 0.002 -24"><span class='ocrx_word' id='word_1_149' title='bbox 174 1874 342 1960; x_wconf 88' lang='lat' dir='ltr'>pinquare.</span> <span class='ocrx_word' id='word_1_150' title='bbox 383 1872 590 1940; x_wconf 78' lang='lat' dir='ltr'>Conveniunt</span> <span class='ocrx_word' id='word_1_151' title='bbox 613 1874 720 1939; x_wconf 88' lang='lat' dir='ltr'>duces:</span> <span class='ocrx_word' id='word_1_152' title='bbox 746 1873 955 1962; x_wconf 53' lang='lat' dir='ltr'>quaererem),</span> <span class='ocrx_word' id='word_1_153' title='bbox 978 1875 1056 1960; x_wconf 90' lang='lat' dir='ltr'>quid</span> <span class='ocrx_word' id='word_1_154' title='bbox 1080 1897 1160 1959; x_wconf 90' lang='lat' dir='ltr'>opus</span> <span class='ocrx_word' id='word_1_155' title='bbox 1186 1875 1231 1940; x_wconf 92' lang='lat' dir='ltr'>sit</span> <span class='ocrx_word' id='word_1_156' title='bbox 1254 1875 1354 1940; x_wconf 87' lang='lat' dir='ltr'>facto.</span> 
     </span>
     <span class='ocr_line' id='line_1_20' title="bbox 175 1961 1355 2048; baseline 0.002 -22"><span class='ocrx_word' id='word_1_157' title='bbox 175 1961 414 2048; x_wconf 85' lang='lat' dir='ltr'>intellegebant</span> <span class='ocrx_word' id='word_1_158' title='bbox 451 1984 562 2028; x_wconf 88' lang='lat' dir='ltr'>omnes</span> <span class='ocrx_word' id='word_1_159' title='bbox 595 1968 663 2028; x_wconf 89' lang='lat' dir='ltr'>tam</span> <span class='ocrx_word' id='word_1_160' title='bbox 699 1963 845 2028; x_wconf 90' lang='lat' dir='ltr'>celeriter</span> <span class='ocrx_word' id='word_1_161' title='bbox 877 1965 987 2046; x_wconf 88' lang='lat' dir='ltr'>copias</span> <span class='ocrx_word' id='word_1_162' title='bbox 1020 1964 1167 2048; x_wconf 88' lang='lat' dir='ltr'>ipsorum</span> <span class='ocrx_word' id='word_1_163' title='bbox 1203 1963 1355 2030; x_wconf 88' lang='lat' dir='ltr'>contrahi</span> 
     </span>
    </p>

    <p class='ocr_par' dir='ltr' id='par_1_7' title="bbox 140 2051 1356 2581">
     <span class='ocr_line' id='line_1_21' title="bbox 140 2051 1355 2138; baseline -0.002 -18"><span class='ocrx_word' id='word_1_164' title='bbox 140 2070 243 2120; x_wconf 76' lang='lat' dir='ltr'>tnon</span> <span class='ocrx_word' id='word_1_165' title='bbox 265 2073 371 2137; x_wconf 87' lang='lat' dir='ltr'>posse,</span> <span class='ocrx_word' id='word_1_166' title='bbox 393 2075 492 2137; x_wconf 89' lang='lat' dir='ltr'>quam</span> <span class='ocrx_word' id='word_1_167' title='bbox 511 2052 700 2138; x_wconf 86' lang='lat' dir='ltr'>Antigonus</span> <span class='ocrx_word' id='word_1_168' title='bbox 724 2051 894 2117; x_wconf 82' lang='lat' dir='ltr'>adfuturus</span> <span class='ocrx_word' id='word_1_169' title='bbox 913 2051 1091 2118; x_wconf 87' lang='lat' dir='ltr'>videbatur.</span> <span class='ocrx_word' id='word_1_170' title='bbox 1139 2052 1226 2117; x_wconf 79' lang='lat' dir='ltr'>Tum</span> <span class='ocrx_word' id='word_1_171' title='bbox 1249 2053 1355 2118; x_wconf 93' lang='lat' dir='ltr'>omni·</span> 
     </span>
     <span class='ocr_line' id='line_1_22' title="bbox 177 2140 1356 2223; baseline 0.001 -18"><span class='ocrx_word' id='word_1_172' title='bbox 177 2142 237 2205; x_wconf 92' lang='lat' dir='ltr'>bus</span> <span class='ocrx_word' id='word_1_173' title='bbox 260 2142 482 2207; x_wconf 83' lang='lat' dir='ltr'>titubantibus</span> <span class='ocrx_word' id='word_1_174' title='bbox 509 2141 603 2206; x_wconf 89' lang='lat' dir='ltr'>etde</span> <span class='ocrx_word' id='word_1_175' title='bbox 626 2142 724 2206; x_wconf 88' lang='lat' dir='ltr'>rebus</span> <span class='ocrx_word' id='word_1_176' title='bbox 748 2141 883 2205; x_wconf 90' lang='lat' dir='ltr'>summis</span> <span class='ocrx_word' id='word_1_177' title='bbox 907 2140 1166 2223; x_wconf 84' lang='lat' dir='ltr'>desperantibus,</span> <span class='ocrx_word' id='word_1_178' title='bbox 1188 2140 1356 2207; x_wconf 78' lang='lat' dir='ltr'>Eumenes</span> 
     </span>
     <span class='ocr_line' id='line_1_23' title="bbox 177 2228 1356 2314; baseline 0.002 -21"><span class='ocrx_word' id='word_1_179' title='bbox 177 2231 235 2313; x_wconf 91' lang='lat' dir='ltr'>ait,</span> <span class='ocrx_word' id='word_1_180' title='bbox 263 2231 291 2295; x_wconf 93' lang='lat' dir='ltr'>si</span> <span class='ocrx_word' id='word_1_181' title='bbox 319 2230 522 2296; x_wconf 85' lang='lat' dir='ltr'>celeritatem</span> <span class='ocrx_word' id='word_1_182' title='bbox 548 2230 652 2295; x_wconf 85' lang='lat' dir='ltr'>velint</span> <span class='ocrx_word' id='word_1_183' title='bbox 681 2228 835 2294; x_wconf 87' lang='lat' dir='ltr'>adhibere</span> <span class='ocrx_word' id='word_1_184' title='bbox 862 2233 896 2294; x_wconf 91' lang='lat' dir='ltr'>et</span> <span class='ocrx_word' id='word_1_185' title='bbox 924 2230 1085 2312; x_wconf 87' lang='lat' dir='ltr'>imparata</span> <span class='ocrx_word' id='word_1_186' title='bbox 1110 2229 1231 2309; x_wconf 84' lang='lat' dir='ltr'>facere,</span> <span class='ocrx_word' id='word_1_187' title='bbox 1267 2230 1356 2314; x_wconf 90' lang='lat' dir='ltr'>quod</span> 
     </span>
     <span class='ocr_line' id='line_1_24' title="bbox 176 2315 1355 2403; baseline 0.001 -19"><span class='ocrx_word' id='word_1_188' title='bbox 176 2323 251 2384; x_wconf 86' lang='lat' dir='ltr'>ante</span> <span class='ocrx_word' id='word_1_189' title='bbox 274 2340 340 2384; x_wconf 91' lang='lat' dir='ltr'>non</span> <span class='ocrx_word' id='word_1_190' title='bbox 362 2318 513 2402; x_wconf 88' lang='lat' dir='ltr'>facerint,</span> <span class='ocrx_word' id='word_1_191' title='bbox 541 2340 575 2384; x_wconf 86' lang='lat' dir='ltr'>se</span> <span class='ocrx_word' id='word_1_192' title='bbox 597 2340 667 2383; x_wconf 91' lang='lat' dir='ltr'>rem</span> <span class='ocrx_word' id='word_1_193' title='bbox 691 2318 924 2401; x_wconf 87' lang='lat' dir='ltr'>expediturum</span> <span class='ocrx_word' id='word_1_194' title='bbox 970 2315 1215 2403; x_wconf 73' lang='lat' dir='ltr'>Namquod21)</span> <span class='ocrx_word' id='word_1_195' title='bbox 1239 2318 1355 2385; x_wconf 91' lang='lat' dir='ltr'>diebus</span> 
     </span>
     <span class='ocr_line' id='line_1_25' title="bbox 177 2407 1355 2493; baseline 0.001 -21"><span class='ocrx_word' id='word_1_196' title='bbox 177 2409 316 2493; x_wconf 88' lang='lat' dir='ltr'>quinque</span> <span class='ocrx_word' id='word_1_197' title='bbox 343 2408 449 2474; x_wconf 89' lang='lat' dir='ltr'>hostis</span> <span class='ocrx_word' id='word_1_198' title='bbox 477 2407 634 2473; x_wconf 87' lang='lat' dir='ltr'>transisse</span> <span class='ocrx_word' id='word_1_199' title='bbox 661 2410 787 2492; x_wconf 88' lang='lat' dir='ltr'>posset,</span> <span class='ocrx_word' id='word_1_200' title='bbox 815 2429 849 2471; x_wconf 88' lang='lat' dir='ltr'>sa</span> <span class='ocrx_word' id='word_1_201' title='bbox 873 2407 1074 2489; x_wconf 87' lang='lat' dir='ltr'>effecturum,</span> <span class='ocrx_word' id='word_1_202' title='bbox 1096 2411 1134 2471; x_wconf 92' lang='lat' dir='ltr'>ut</span> <span class='ocrx_word' id='word_1_203' title='bbox 1156 2428 1224 2471; x_wconf 89' lang='lat' dir='ltr'>non</span> <span class='ocrx_word' id='word_1_204' title='bbox 1245 2408 1355 2473; x_wconf 89' lang='lat' dir='ltr'>minus</span> 
     </span>
     <span class='ocr_line' id='line_1_26' title="bbox 177 2495 1355 2581; baseline -0.001 -19"><span class='ocrx_word' id='word_1_205' title='bbox 177 2497 313 2562; x_wconf 89' lang='lat' dir='ltr'>totidem</span> <span class='ocrx_word' id='word_1_206' title='bbox 333 2497 457 2561; x_wconf 89' lang='lat' dir='ltr'>dierum</span> <span class='ocrx_word' id='word_1_207' title='bbox 480 2497 587 2581; x_wconf 90' lang='lat' dir='ltr'>spatio</span> <span class='ocrx_word' id='word_1_208' title='bbox 606 2495 840 2561; x_wconf 86' lang='lat' dir='ltr'>retardaretur:</span> <span class='ocrx_word' id='word_1_209' title='bbox 865 2517 964 2580; x_wconf 90' lang='lat' dir='ltr'>quare</span> <span class='ocrx_word' id='word_1_210' title='bbox 988 2495 1196 2562; x_wconf 92' lang='lat' dir='ltr'>circumirent</span> <span class='ocrx_word' id='word_1_211' title='bbox 1219 2517 1257 2562; x_wconf 91' lang='lat' dir='ltr'>ac</span> <span class='ocrx_word' id='word_1_212' title='bbox 1277 2518 1355 2561; x_wconf 87' lang='lat' dir='ltr'>suas</span> 
     </span>
    </p>

    <p class='ocr_par' dir='ltr' id='par_1_8' title="bbox 142 2583 1356 3025">
     <span class='ocr_line' id='line_1_27' title="bbox 142 2583 1355 2670; baseline -0.002 -17"><span class='ocrx_word' id='word_1_213' title='bbox 142 2585 314 2670; x_wconf 77' lang='lat' dir='ltr'>equisque</span> <span class='ocrx_word' id='word_1_214' title='bbox 337 2587 449 2669; x_wconf 88' lang='lat' dir='ltr'>copias</span> <span class='ocrx_word' id='word_1_215' title='bbox 472 2585 685 2651; x_wconf 88' lang='lat' dir='ltr'>contraheret</span> <span class='ocrx_word' id='word_1_216' title='bbox 727 2584 781 2649; x_wconf 88' lang='lat' dir='ltr'>Ad</span> <span class='ocrx_word' id='word_1_217' title='bbox 803 2583 964 2670; x_wconf 84' lang='lat' dir='ltr'>Antigoni</span> <span class='ocrx_word' id='word_1_218' title='bbox 987 2589 1095 2649; x_wconf 87' lang='lat' dir='ltr'>autem</span> <span class='ocrx_word' id='word_1_219' title='bbox 1124 2583 1355 2651; x_wconf 83' lang='lat' dir='ltr'>refrenandum</span> 
     </span>
     <span class='ocr_line' id='line_1_28' title="bbox 178 2670 1354 2759; baseline -0.001 -21"><span class='ocrx_word' id='word_1_220' title='bbox 178 2675 336 2757; x_wconf 89' lang='lat' dir='ltr'>impetum</span> <span class='ocrx_word' id='word_1_221' title='bbox 362 2673 425 2739; x_wconf 90' lang='lat' dir='ltr'>boc</span> <span class='ocrx_word' id='word_1_222' title='bbox 452 2675 541 2759; x_wconf 88' lang='lat' dir='ltr'>capit</span> <span class='ocrx_word' id='word_1_223' title='bbox 567 2673 748 2739; x_wconf 91' lang='lat' dir='ltr'>consilium.</span> <span class='ocrx_word' id='word_1_224' title='bbox 793 2670 909 2739; x_wconf 84' lang='lat' dir='ltr'>Oertos</span> <span class='ocrx_word' id='word_1_225' title='bbox 937 2672 1042 2738; x_wconf 88' lang='lat' dir='ltr'>mittit</span> <span class='ocrx_word' id='word_1_226' title='bbox 1064 2673 1211 2738; x_wconf 89' lang='lat' dir='ltr'>homines</span> <span class='ocrx_word' id='word_1_227' title='bbox 1242 2673 1283 2739; x_wconf 92' lang='lat' dir='ltr'>ad</span> <span class='ocrx_word' id='word_1_228' title='bbox 1305 2673 1354 2737; x_wconf 92' lang='lat' dir='ltr'>in·</span> 
     </span>
     <span class='ocr_line' id='line_1_29' title="bbox 179 2760 1353 2851; baseline 0 -25"><span class='ocrx_word' id='word_1_229' title='bbox 179 2762 273 2829; x_wconf 86' lang='lat' dir='ltr'>limos</span> <span class='ocrx_word' id='word_1_230' title='bbox 296 2760 484 2851; x_wconf 75' lang='lat' dir='ltr'>montes²²)‚</span> <span class='ocrx_word' id='word_1_231' title='bbox 507 2763 563 2847; x_wconf 89' lang='lat' dir='ltr'>qui</span> <span class='ocrx_word' id='word_1_232' title='bbox 586 2761 674 2828; x_wconf 78' lang='lat' dir='ltr'>obvii</span> <span class='ocrx_word' id='word_1_233' title='bbox 697 2765 791 2826; x_wconf 88' lang='lat' dir='ltr'>erant</span> <span class='ocrx_word' id='word_1_234' title='bbox 812 2761 922 2827; x_wconf 91' lang='lat' dir='ltr'>itineri</span> <span class='ocrx_word' id='word_1_235' title='bbox 945 2761 1218 2844; x_wconf 82' lang='lat' dir='ltr'>adversariorum,</span> <span class='ocrx_word' id='word_1_236' title='bbox 1247 2762 1353 2846; x_wconf 86' lang='lat' dir='ltr'>iisque</span> 
     </span>
     <span class='ocr_line' id='line_1_30' title="bbox 178 2847 1353 2937; baseline 0.001 -22"><span class='ocrx_word' id='word_1_237' title='bbox 178 2850 339 2936; x_wconf 83' lang='lat' dir='ltr'>praecipit</span> <span class='ocrx_word' id='word_1_238' title='bbox 370 2855 407 2916; x_wconf 92' lang='lat' dir='ltr'>ut</span> <span class='ocrx_word' id='word_1_239' title='bbox 438 2852 545 2936; x_wconf 88' lang='lat' dir='ltr'>prima</span> <span class='ocrx_word' id='word_1_240' title='bbox 574 2847 733 2937; x_wconf 73' lang='lat' dir='ltr'>nocte²⁰),</span> <span class='ocrx_word' id='word_1_241' title='bbox 765 2872 864 2934; x_wconf 90' lang='lat' dir='ltr'>quam</span> <span class='ocrx_word' id='word_1_242' title='bbox 895 2850 1052 2915; x_wconf 88' lang='lat' dir='ltr'>latissime</span> <span class='ocrx_word' id='word_1_243' title='bbox 1085 2850 1226 2934; x_wconf 89' lang='lat' dir='ltr'>possint,</span> <span class='ocrx_word' id='word_1_244' title='bbox 1259 2851 1353 2935; x_wconf 84' lang='lat' dir='ltr'>ignes</span> 
     </span>
     <span class='ocr_line' id='line_1_31' title="bbox 178 2939 1356 3025; baseline 0 -21"><span class='ocrx_word' id='word_1_245' title='bbox 178 2940 299 3005; x_wconf 88' lang='lat' dir='ltr'>faciant</span> <span class='ocrx_word' id='word_1_246' title='bbox 332 2962 428 3025; x_wconf 92' lang='lat' dir='ltr'>quam</span> <span class='ocrx_word' id='word_1_247' title='bbox 460 2941 619 3006; x_wconf 81' lang='lat' dir='ltr'>maximos</span> <span class='ocrx_word' id='word_1_248' title='bbox 652 2943 750 3025; x_wconf 89' lang='lat' dir='ltr'>atque</span> <span class='ocrx_word' id='word_1_249' title='bbox 783 2940 843 3005; x_wconf 90' lang='lat' dir='ltr'>hos</span> <span class='ocrx_word' id='word_1_250' title='bbox 877 2939 1018 3004; x_wconf 90' lang='lat' dir='ltr'>secunda</span> <span class='ocrx_word' id='word_1_251' title='bbox 1049 2939 1164 3024; x_wconf 80' lang='lat' dir='ltr'>vigilia</span> <span class='ocrx_word' id='word_1_252' title='bbox 1196 2940 1356 3024; x_wconf 83' lang='lat' dir='ltr'>minuant,</span> 
     </span>
    </p>

    <p class='ocr_par' dir='ltr' id='par_1_9' title="bbox 143 3028 1356 3292">
     <span class='ocr_line' id='line_1_32' title="bbox 143 3028 1356 3117; baseline -0.001 -22"><span class='ocrx_word' id='word_1_253' title='bbox 143 3046 160 3095; x_wconf 88' lang='lat'>4</span> <span class='ocrx_word' id='word_1_254' title='bbox 180 3031 278 3095; x_wconf 88' lang='lat' dir='ltr'>tertie</span> <span class='ocrx_word' id='word_1_255' title='bbox 292 3031 486 3117; x_wconf 84' lang='lat' dir='ltr'>perexiguos</span> <span class='ocrx_word' id='word_1_256' title='bbox 505 3030 651 3115; x_wconf 82' lang='lat' dir='ltr'>reddant,</span> <span class='ocrx_word' id='word_1_257' title='bbox 664 3033 702 3093; x_wconf 92' lang='lat' dir='ltr'>ut</span> <span class='ocrx_word' id='word_1_258' title='bbox 716 3028 909 3094; x_wconf 90' lang='lat' dir='ltr'>assimulata</span> <span class='ocrx_word' id='word_1_259' title='bbox 927 3031 1108 3093; x_wconf 91' lang='lat' dir='ltr'>castrorum</span> <span class='ocrx_word' id='word_1_260' title='bbox 1123 3029 1356 3094; x_wconf 84' lang='lat' dir='ltr'>consuetudine</span> 
     </span>
     <span class='ocr_line' id='line_1_33' title="bbox 180 3116 1356 3203; baseline -0.001 -20"><span class='ocrx_word' id='word_1_261' title='bbox 180 3119 396 3203; x_wconf 87' lang='lat' dir='ltr'>suspicionem</span> <span class='ocrx_word' id='word_1_262' title='bbox 422 3119 560 3184; x_wconf 92' lang='lat' dir='ltr'>iniciant</span> <span class='ocrx_word' id='word_1_263' title='bbox 593 3117 758 3202; x_wconf 87' lang='lat' dir='ltr'>hostibus,</span> <span class='ocrx_word' id='word_1_264' title='bbox 789 3117 855 3182; x_wconf 90' lang='lat' dir='ltr'>illis</span> <span class='ocrx_word' id='word_1_265' title='bbox 888 3116 969 3181; x_wconf 86' lang='lat' dir='ltr'>locis</span> <span class='ocrx_word' id='word_1_266' title='bbox 1002 3138 1073 3182; x_wconf 91' lang='lat' dir='ltr'>esse</span> <span class='ocrx_word' id='word_1_267' title='bbox 1107 3119 1215 3181; x_wconf 88' lang='lat' dir='ltr'>castra</span> <span class='ocrx_word' id='word_1_268' title='bbox 1247 3139 1285 3182; x_wconf 84' lang='lat' dir='ltr'>ac</span> <span class='ocrx_word' id='word_1_269' title='bbox 1315 3117 1356 3182; x_wconf 94' lang='lat' dir='ltr'>de</span> 
     </span>
     <span class='ocr_line' id='line_1_34' title="bbox 180 3205 1356 3292; baseline 0.001 -22"><span class='ocrx_word' id='word_1_270' title='bbox 180 3229 289 3274; x_wconf 88' lang='lat' dir='ltr'>eorum</span> <span class='ocrx_word' id='word_1_271' title='bbox 313 3208 451 3273; x_wconf 84' lang='lat' dir='ltr'>adventu</span> <span class='ocrx_word' id='word_1_272' title='bbox 474 3208 752 3292; x_wconf 88' lang='lat' dir='ltr'>praenuntiatum:</span> <span class='ocrx_word' id='word_1_273' title='bbox 774 3205 923 3289; x_wconf 88' lang='lat' dir='ltr'>idemque</span> <span class='ocrx_word' id='word_1_274' title='bbox 946 3208 1078 3289; x_wconf 88' lang='lat' dir='ltr'>postera</span> <span class='ocrx_word' id='word_1_275' title='bbox 1101 3209 1197 3271; x_wconf 91' lang='lat' dir='ltr'>nocte</span> <span class='ocrx_word' id='word_1_276' title='bbox 1220 3205 1356 3272; x_wconf 84' lang='lat' dir='ltr'>faciant.</span> 
     </span>
    </p>

    <p class='ocr_par' dir='ltr' id='par_1_10' title="bbox 144 3293 1356 3556">
     <span class='ocr_line' id='line_1_35' title="bbox 144 3293 1356 3381; baseline -0.002 -20"><span class='ocrx_word' id='word_1_277' title='bbox 144 3314 160 3362; x_wconf 77' lang='lat' dir='ltr'>a</span> <span class='ocrx_word' id='word_1_278' title='bbox 180 3295 303 3372; x_wconf 80' lang='lat' dir='ltr'>Quibus</span> <span class='ocrx_word' id='word_1_279' title='bbox 321 3297 519 3380; x_wconf 89' lang='lat' dir='ltr'>imperatum</span> <span class='ocrx_word' id='word_1_280' title='bbox 537 3301 617 3381; x_wconf 89' lang='lat' dir='ltr'>erat,</span> <span class='ocrx_word' id='word_1_281' title='bbox 636 3295 808 3379; x_wconf 90' lang='lat' dir='ltr'>diligenter</span> <span class='ocrx_word' id='word_1_282' title='bbox 826 3297 1036 3378; x_wconf 88' lang='lat' dir='ltr'>praeceptum</span> <span class='ocrx_word' id='word_1_283' title='bbox 1054 3299 1179 3360; x_wconf 80' lang='lat' dir='ltr'>emant.</span> <span class='ocrx_word' id='word_1_284' title='bbox 1216 3293 1356 3379; x_wconf 81' lang='lat' dir='ltr'>Antigo-</span> 
     </span>
     <span class='ocr_line' id='line_1_36' title="bbox 179 3381 1354 3470; baseline -0.001 -21"><span class='ocrx_word' id='word_1_285' title='bbox 179 3406 240 3449; x_wconf 89' lang='lat' dir='ltr'>nus</span> <span class='ocrx_word' id='word_1_286' title='bbox 263 3384 405 3450; x_wconf 91' lang='lat' dir='ltr'>tenebris</span> <span class='ocrx_word' id='word_1_287' title='bbox 428 3386 552 3450; x_wconf 86' lang='lat' dir='ltr'>obortis</span> <span class='ocrx_word' id='word_1_288' title='bbox 575 3385 669 3470; x_wconf 88' lang='lat' dir='ltr'>ignes</span> <span class='ocrx_word' id='word_1_289' title='bbox 692 3384 910 3466; x_wconf 89' lang='lat' dir='ltr'>conspicatur:</span> <span class='ocrx_word' id='word_1_290' title='bbox 940 3381 1043 3448; x_wconf 90' lang='lat' dir='ltr'>credit</span> <span class='ocrx_word' id='word_1_291' title='bbox 1065 3383 1104 3448; x_wconf 90' lang='lat' dir='ltr'>de</span> <span class='ocrx_word' id='word_1_292' title='bbox 1128 3404 1186 3449; x_wconf 90' lang='lat' dir='ltr'>suc</span> <span class='ocrx_word' id='word_1_293' title='bbox 1211 3383 1354 3449; x_wconf 82' lang='lat' dir='ltr'>adventu</span> 
     </span>
     <span class='ocr_line' id='line_1_37' title="bbox 180 3472 1351 3556; baseline 0 -19"><span class='ocrx_word' id='word_1_294' title='bbox 180 3495 249 3539; x_wconf 89' lang='lat' dir='ltr'>esse</span> <span class='ocrx_word' id='word_1_295' title='bbox 284 3472 430 3538; x_wconf 90' lang='lat' dir='ltr'>auditum</span> <span class='ocrx_word' id='word_1_296' title='bbox 462 3478 495 3538; x_wconf 91' lang='lat' dir='ltr'>et</span> <span class='ocrx_word' id='word_1_297' title='bbox 530 3473 732 3539; x_wconf 82' lang='lat' dir='ltr'>adversarios</span> <span class='ocrx_word' id='word_1_298' title='bbox 772 3472 849 3536; x_wconf 92' lang='lat' dir='ltr'>illuc</span> <span class='ocrx_word' id='word_1_299' title='bbox 882 3492 957 3537; x_wconf 91' lang='lat' dir='ltr'>suas</span> <span class='ocrx_word' id='word_1_300' title='bbox 993 3473 1193 3537; x_wconf 85' lang='lat' dir='ltr'>contraxisse</span> <span class='ocrx_word' id='word_1_301' title='bbox 1229 3472 1351 3556; x_wconf 90' lang='lat' dir='ltr'>copias.</span> 
     </span>
    </p>

    <p class='ocr_par' dir='ltr' id='par_1_11' title="bbox 144 3558 1354 3734">
     <span class='ocr_line' id='line_1_38' title="bbox 144 3558 1352 3647; baseline -0.003 -18"><span class='ocrx_word' id='word_1_302' title='bbox 144 3579 160 3629; x_wconf 83' lang='lat' dir='ltr'>o</span> <span class='ocrx_word' id='word_1_303' title='bbox 179 3561 285 3627; x_wconf 91' lang='lat' dir='ltr'>Mutat</span> <span class='ocrx_word' id='word_1_304' title='bbox 303 3563 473 3628; x_wconf 92' lang='lat' dir='ltr'>consilium</span> <span class='ocrx_word' id='word_1_305' title='bbox 493 3566 534 3647; x_wconf 90' lang='lat' dir='ltr'>et,</span> <span class='ocrx_word' id='word_1_306' title='bbox 552 3562 706 3647; x_wconf 89' lang='lat' dir='ltr'>quoniam</span> <span class='ocrx_word' id='word_1_307' title='bbox 724 3560 944 3645; x_wconf 84' lang='lat' dir='ltr'>imprudentes</span> <span class='ocrx_word' id='word_1_308' title='bbox 963 3560 1083 3626; x_wconf 88' lang='lat' dir='ltr'>adoriri</span> <span class='ocrx_word' id='word_1_309' title='bbox 1101 3582 1167 3626; x_wconf 92' lang='lat' dir='ltr'>non</span> <span class='ocrx_word' id='word_1_310' title='bbox 1184 3558 1352 3646; x_wconf 58' lang='lat' dir='ltr'>possem),</span> 
     </span>
     <span class='ocr_line' id='line_1_39' title="bbox 179 3649 1354 3734; baseline -0.001 -20"><span class='ocrx_word' id='word_1_311' title='bbox 179 3651 281 3716; x_wconf 87' lang='lat' dir='ltr'>flectit</span> <span class='ocrx_word' id='word_1_312' title='bbox 302 3651 366 3716; x_wconf 91' lang='lat' dir='ltr'>iter</span> <span class='ocrx_word' id='word_1_313' title='bbox 389 3673 483 3716; x_wconf 90' lang='lat' dir='ltr'>suum</span> <span class='ocrx_word' id='word_1_314' title='bbox 506 3653 539 3715; x_wconf 95' lang='lat' dir='ltr'>et</span> <span class='ocrx_word' id='word_1_315' title='bbox 561 3651 655 3715; x_wconf 92' lang='lat' dir='ltr'>illum</span> <span class='ocrx_word' id='word_1_316' title='bbox 678 3649 862 3715; x_wconf 85' lang='lat' dir='ltr'>anfractum</span> <span class='ocrx_word' id='word_1_317' title='bbox 884 3649 1066 3734; x_wconf 83' lang='lat' dir='ltr'>longiorem</span> <span class='ocrx_word' id='word_1_318' title='bbox 1090 3650 1160 3715; x_wconf 81' lang='lat' dir='ltr'>riae</span> <span class='ocrx_word' id='word_1_319' title='bbox 1184 3649 1273 3734; x_wconf 92' lang='lat' dir='ltr'>capit</span> <span class='ocrx_word' id='word_1_320' title='bbox 1293 3649 1354 3714; x_wconf 92' lang='lat' dir='ltr'>ibi·</span> 
     </span>
    </p>
   </div>
   <div class='ocr_carea' id='block_1_5' title="bbox 180 3839 1383 4091">
    <p class='ocr_par' dir='ltr' id='par_1_12' title="bbox 180 3839 1383 4091">
     <span class='ocr_line' id='line_1_40' title="bbox 218 3839 1383 3947; baseline 0.001 -16"><span class='ocrx_word' id='word_1_321' title='bbox 218 3878 250 3945; x_wconf 68' lang='grc' dir='ltr'>ιο)</span> <span class='ocrx_word' id='word_1_322' title='bbox 270 3876 339 3933; x_wconf 79' lang='lat' dir='ltr'>aum</span> <span class='ocrx_word' id='word_1_323' title='bbox 360 3875 460 3934; x_wconf 70' lang='lat' dir='ltr'>nau.</span> <span class='ocrx_word' id='word_1_324' title='bbox 483 3878 540 3947; x_wconf 56' lang='grc' dir='ltr'>νει.</span> <span class='ocrx_word' id='word_1_325' title='bbox 559 3877 644 3947; x_wconf 67' lang='lat' dir='ltr'>rog.</span> <span class='ocrx_word' id='word_1_326' title='bbox 667 3877 737 3934; x_wconf 70' lang='lat' dir='ltr'>nen.</span> <span class='ocrx_word' id='word_1_327' title='bbox 834 3877 868 3946; x_wconf 77' lang='lat'>¹¹)</span> <span class='ocrx_word' id='word_1_328' title='bbox 886 3878 974 3933; x_wconf 68' lang='lat' dir='ltr'>nieht</span> <span class='ocrx_word' id='word_1_329' title='bbox 986 3878 1110 3933; x_wconf 70' lang='lat' dir='ltr'>cerrus</span> <span class='ocrx_word' id='word_1_330' title='bbox 1124 3879 1223 3933; x_wconf 70' lang='lat' dir='ltr'>aerae</span> <span class='ocrx_word' id='word_1_331' title='bbox 1274 3894 1354 3947; x_wconf 75' lang='lat' dir='ltr'>,son-</span> <span class='ocrx_word' id='word_1_332' title='bbox 1380 3839 1383 3842; x_wconf 12' lang='grc' dir='ltr'><strong>Δ</strong></span> 
     </span>
     <span class='ocr_line' id='line_1_41' title="bbox 180 3947 1355 4020; baseline 0.003 -19"><span class='ocrx_word' id='word_1_333' title='bbox 180 3947 740 4020; x_wconf 78' lang='lat' dir='ltr'>Xl‚645,SalLJug.103,1undTac.</span> <span class='ocrx_word' id='word_1_334' title='bbox 795 3948 865 4004; x_wconf 84' lang='lat' dir='ltr'>dem</span> <span class='ocrx_word' id='word_1_335' title='bbox 884 3948 929 4004; x_wconf 92' lang='lat' dir='ltr'>die</span> <span class='ocrx_word' id='word_1_336' title='bbox 944 3949 1217 4005; x_wconf 76' lang='lat' dir='ltr'>suduohstannusla</span> <span class='ocrx_word' id='word_1_337' title='bbox 1248 3965 1279 4004; x_wconf 86' lang='lat' dir='ltr'>er</span> <span class='ocrx_word' id='word_1_338' title='bbox 1292 3950 1355 4005; x_wconf 87' lang='lat' dir='ltr'>der-</span> 
     </span>
     <span class='ocr_line' id='line_1_42' title="bbox 181 4020 899 4091; baseline 0.001 -18"><span class='ocrx_word' id='word_1_339' title='bbox 181 4020 274 4075; x_wconf 85' lang='lat' dir='ltr'>Germ.</span> <span class='ocrx_word' id='word_1_340' title='bbox 294 4025 328 4075; x_wconf 82' lang='lat'>88</span> <span class='ocrx_word' id='word_1_341' title='bbox 347 4021 419 4091; x_wconf 89' lang='lat' dir='ltr'>(solo</span> <span class='ocrx_word' id='word_1_342' title='bbox 437 4021 561 4088; x_wconf 85' lang='lat' dir='ltr'>vertice).</span> <span class='ocrx_word' id='word_1_343' title='bbox 794 4021 899 4075; x_wconf 85' lang='lat' dir='ltr'>selben.</span> 
     </span>
    </p>
   </div>
   <div class='ocr_carea' id='block_1_6' title="bbox 181 4124 1355 4267">
    <p class='ocr_par' dir='ltr' id='par_1_13' title="bbox 181 4124 1355 4267">
     <span class='ocr_line' id='line_1_43' title="bbox 219 4124 1355 4196; baseline -0.001 -15"><span class='ocrx_word' id='word_1_344' title='bbox 219 4124 255 4196; x_wconf 81' lang='lat'>¹⁰)</span> <span class='ocrx_word' id='word_1_345' title='bbox 273 4126 352 4183; x_wconf 89' lang='lat' dir='ltr'>Infin.</span> <span class='ocrx_word' id='word_1_346' title='bbox 364 4126 432 4181; x_wconf 89' lang='lat' dir='ltr'>hist.</span> <span class='ocrx_word' id='word_1_347' title='bbox 446 4126 493 4181; x_wconf 92' lang='lat' dir='ltr'>bei</span> <span class='ocrx_word' id='word_1_348' title='bbox 505 4125 599 4196; x_wconf 86' lang='lat' dir='ltr'>Nepos</span> <span class='ocrx_word' id='word_1_349' title='bbox 613 4143 666 4181; x_wconf 89' lang='lat' dir='ltr'>nur</span> <span class='ocrx_word' id='word_1_350' title='bbox 679 4126 741 4181; x_wconf 89' lang='lat' dir='ltr'>hier</span> <span class='ocrx_word' id='word_1_351' title='bbox 832 4124 866 4194; x_wconf 73' lang='lat'>¹³)</span> <span class='ocrx_word' id='word_1_352' title='bbox 890 4125 1045 4195; x_wconf 83' lang='lat' dir='ltr'>Gegensata</span> <span class='ocrx_word' id='word_1_353' title='bbox 1071 4127 1110 4181; x_wconf 85' lang='lat' dir='ltr'>ist</span> <span class='ocrx_word' id='word_1_354' title='bbox 1136 4126 1216 4182; x_wconf 91' lang='lat' dir='ltr'>nicht</span> <span class='ocrx_word' id='word_1_355' title='bbox 1262 4128 1355 4181; x_wconf 87' lang='lat' dir='ltr'>catera</span> 
     </span>
     <span class='ocr_line' id='line_1_44' title="bbox 181 4196 1355 4267; baseline 0.001 -15"><span class='ocrx_word' id='word_1_356' title='bbox 181 4198 238 4252; x_wconf 88' lang='lat' dir='ltr'>und</span> <span class='ocrx_word' id='word_1_357' title='bbox 259 4196 349 4252; x_wconf 85' lang='lat' dir='ltr'>Alcib.</span> <span class='ocrx_word' id='word_1_358' title='bbox 364 4197 412 4267; x_wconf 91' lang='lat' dir='ltr'>VI,</span> <span class='ocrx_word' id='word_1_359' title='bbox 430 4203 455 4253; x_wconf 90' lang='lat'>4.</span> <span class='ocrx_word' id='word_1_360' title='bbox 794 4199 890 4267; x_wconf 88' lang='lat' dir='ltr'>nocte,</span> <span class='ocrx_word' id='word_1_361' title='bbox 914 4196 1035 4252; x_wconf 75' lang='lat' dir='ltr'>condem</span> <span class='ocrx_word' id='word_1_362' title='bbox 1052 4198 1175 4253; x_wconf 86' lang='lat' dir='ltr'>secunda</span> <span class='ocrx_word' id='word_1_363' title='bbox 1192 4215 1231 4253; x_wconf 90' lang='lat' dir='ltr'>un</span> <span class='ocrx_word' id='word_1_364' title='bbox 1268 4199 1355 4253; x_wconf 85' lang='lat' dir='ltr'>tertia</span> 
     </span>
    </p>
   </div>
   <div class='ocr_carea' id='block_1_7' title="bbox 182 4267 1254 4446">
    <p class='ocr_par' dir='ltr' id='par_1_14' title="bbox 182 4267 1254 4446">
     <span class='ocr_line' id='line_1_45' title="bbox 219 4267 900 4373; baseline -0.037 -8"><span class='ocrx_word' id='word_1_365' title='bbox 219 4301 255 4373; x_wconf 83' lang='lat'>¹¹)</span> <span class='ocrx_word' id='word_1_366' title='bbox 274 4304 324 4372; x_wconf 86' lang='lat' dir='ltr'>„ln</span> <span class='ocrx_word' id='word_1_367' title='bbox 337 4301 512 4357; x_wconf 85' lang='lat' dir='ltr'>Anbetracht</span> <span class='ocrx_word' id='word_1_368' title='bbox 526 4302 632 4370; x_wconf 84' lang='lat' dir='ltr'>dassen,</span> <span class='ocrx_word' id='word_1_369' title='bbox 651 4302 740 4371; x_wconf 84' lang='lat' dir='ltr'>dais“‚</span> <span class='ocrx_word' id='word_1_370' title='bbox 794 4267 900 4337; x_wconf 53' lang='lat' dir='ltr'>ligni&amp;</span> 
     </span>
     <span class='ocr_line' id='line_1_46' title="bbox 182 4372 1254 4446; baseline -0.052 -17"><span class='ocrx_word' id='word_1_371' title='bbox 182 4372 236 4429; x_wconf 81' lang='lat' dir='ltr'>wie</span> <span class='ocrx_word' id='word_1_372' title='bbox 254 4372 350 4443; x_wconf 73' lang='lat' dir='ltr'>btufig</span> <span class='ocrx_word' id='word_1_373' title='bbox 368 4374 399 4426; x_wconf 89' lang='lat' dir='ltr'>in</span> <span class='ocrx_word' id='word_1_374' title='bbox 415 4373 470 4427; x_wconf 88' lang='lat' dir='ltr'>den</span> <span class='ocrx_word' id='word_1_375' title='bbox 489 4373 607 4429; x_wconf 86' lang='lat' dir='ltr'>ciceron.</span> <span class='ocrx_word' id='word_1_376' title='bbox 620 4372 740 4428; x_wconf 87' lang='lat' dir='ltr'>Briefen.</span> <span class='ocrx_word' id='word_1_377' title='bbox 834 4374 867 4442; x_wconf 74' lang='lat' dir='ltr'>u)</span> <span class='ocrx_word' id='word_1_378' title='bbox 887 4373 1005 4433; x_wconf 51' lang='lat' dir='ltr'>Ausim</span> <span class='ocrx_word' id='word_1_379' title='bbox 1023 4375 1072 4430; x_wconf 56' lang='lat' dir='ltr'>des</span> <span class='ocrx_word' id='word_1_380' title='bbox 1091 4374 1254 4446; x_wconf 73' lang='lat' dir='ltr'>Antigonus.</span> 
     </span>
    </p>
   </div>
   <div class='ocr_carea' id='block_1_8' title="bbox 0 0 1486 4759">
    <p class='ocr_par' dir='ltr' id='par_1_15' title="bbox 0 0 1486 4759">
     <span class='ocr_line' id='line_1_47' title="bbox 0 0 1486 4759; baseline 0 0"><span class='ocrx_word' id='word_1_381' title='bbox 0 0 1486 4759; x_wconf 95' lang='lat' dir='ltr'> </span> 
     </span>
    </p>
   </div>
  </div>
 </body>
</html>
