2959 4759
206 150 250 215 64
584 153 685 210 XVIII.
717 153 900 210 EUMENES.
924 160 949 210 2.
969 161 994 210 3.

206 314 293 398 apud
312 314 454 381 Graecos
477 315 744 382 honorificentius
768 320 819 381 est
841 339 938 401 quam
962 317 1046 401 apud
1065 316 1241 384 Romanos.
1284 316 1388 382 Nam·

206 425 267 488 que
296 403 382 487 apud
410 426 486 490 nos,
514 404 597 469 sicut
625 409 714 489 sunt,
747 405 962 470 mercennarii
990 405 1116 470 scribae
1143 406 1386 471 existimantur:

206 495 241 556 at
259 492 344 577 apud
363 493 439 558 illos
458 514 553 558 nemo
577 492 669 557 adid
693 492 837 558 officium
860 493 1045 559 admittitur
1068 492 1133 559 nisi
1151 493 1292 559 honesto
1312 495 1386 560 loco

204 583 316 659 natus,
340 584 373 646 et
394 580 458 645 fide
481 584 515 646 et
537 581 699 647 industria
722 580 870 667 cognita,
894 582 981 667 quod
1005 604 1137 648 necesse
1161 586 1211 648 est
1237 582 1385 647 omnium

170 687 186 736 e
206 669 415 736 consiliorum
435 692 508 735 eum
527 692 598 735 esse
612 671 814 754 participem.
850 670 947 735 Hunc
968 672 1076 736 locum
1097 670 1261 736 amicitiae
1280 673 1389 735 tenuit

206 758 292 842 apud
310 757 500 844 Philippum
524 781 627 825 annos
651 762 784 843 septem.
823 758 887 824 Illo
910 758 1082 825 interfecto
1106 758 1218 825 eodem
1243 761 1286 839 [a.
1304 760 1387 841 336]

205 847 310 931 gradu
331 845 396 911 fuit
419 846 505 932 apud
525 847 748 914 Alexandrum
768 869 870 913 annos
893 847 1058 914 tredecim.
1094 847 1284 913 Novissima
1303 851 1388 912 tem·

205 956 284 1019 pore
307 935 450 1020 praefuit
472 935 573 1000 etiam
600 936 694 1001 alteri
717 937 864 1020 equitum
887 936 972 1018 alae,
1001 958 1113 1003 eorum
1136 937 1193 1022 qui
1215 935 1390 1001 Hetaerici

205 1025 463 1108 appellabantur.
514 1024 651 1108 Utrique
683 1028 794 1090 autem
825 1024 861 1089 in
893 1024 1030 1090 consilio
1059 1047 1187 1110 semper
1216 1023 1323 1089 adfuit
1353 1030 1390 1089 et

205 1114 349 1178 omnium
372 1134 480 1177 rerum
503 1113 636 1177 babitus
659 1117 710 1178 est
731 1114 904 1197 particeps.

170 1219 184 1266 1
293 1200 335 1266 IL
371 1200 559 1267 Alexandro
586 1200 758 1285 Babylone
786 1208 914 1267 mortuo
945 1223 1072 1266 summa
1099 1223 1206 1265 rerum
1236 1204 1279 1282 [a.
1303 1202 1388 1283 323]

204 1288 327 1354 tradita
350 1294 400 1354 est
423 1289 545 1355 tuenda
563 1289 745 1374 Perdiccae,
768 1291 798 1355 ei
817 1291 869 1355 cui
886 1290 1071 1355 Alexander
1089 1290 1231 1354 moriens
1251 1291 1391 1355 anulum

169 1395 300 1444 aeuum
331 1377 477 1462 dederat,
509 1400 548 1443 ex
581 1401 645 1463 quo
678 1399 792 1444 omnes
820 1379 1037 1463 coniecerant,
1069 1378 1161 1442 illum
1189 1398 1328 1463 regnum
1358 1380 1392 1443 ei

205 1466 417 1551 commisisse,
441 1466 547 1551 quoad
569 1463 697 1554 liberi1)
722 1468 791 1531 eius
814 1468 848 1531 in
873 1489 965 1532 suam
984 1467 1122 1532 tutelam
1144 1466 1391 1550 pervenissent:

205 1555 343 1620 aberant
366 1554 452 1620 enim
472 1552 624 1620 Craterus
643 1557 677 1619 et
695 1555 879 1640 Antipater,
903 1556 959 1640 qui
978 1554 1168 1620 antecedere
1189 1554 1277 1621 hunc
1296 1556 1391 1621 ride·

204 1643 333 1725 bantur,
351 1647 499 1708 mortuus
519 1646 590 1708 erat
607 1642 820 1727 Hephaestio,
839 1665 934 1727 quem
958 1665 1058 1708 unum
1076 1643 1272 1727 Alexander,
1296 1645 1392 1728 quod

204 1730 298 1796 facile
321 1731 471 1816 intellegi
500 1728 660 1819 posset2),
688 1731 822 1815 plurimi
844 1732 972 1796 fecerat.
1018 1730 1070 1794 Ab
1093 1731 1157 1796 hoc
1184 1731 1288 1817 igitur
1311 1754 1393 1797 cum

203 1819 390 1903 provinciae
405 1820 542 1905 singulis
553 1820 731 1884 Alexandri
745 1819 962 1884 familiaribus
977 1818 1233 1904 dispertirentur,
1243 1819 1394 1887 Eumeni

204 1907 280 1973 data
303 1906 512 1993 Cappadocia
535 1908 586 1972 vel
610 1908 719 1992 potius
745 1907 876 1972 addicta
895 1913 959 1973 est:
986 1928 1064 1972 nam
1086 1912 1158 1972 tum
1180 1909 1216 1976 in
1238 1908 1394 1975 bostium

169 2002 277 2062 serat
294 1999 353 2080 pot
355 2019 389 2062 es
390 2000 467 2062 t.ate
505 1995 600 2062 Hunc
624 1997 688 2061 sibi
707 1995 888 2082 Perdiccas,
912 1996 997 2082 quod
1020 1995 1054 2059 in
1073 1996 1207 2060 bomine
1230 1996 1329 2061 fidem
1354 2006 1394 2064 et

203 2085 341 2149 indust'
299 2088 398 2150 trram
427 2086 589 2171 insignem
619 2085 765 2168 videbat,
788 2088 978 2186 'magnot
946 2085 1054 2150 studio
1082 2083 1288 2169 adiunxerat,
1318 2108 1394 2152 non

203 2173 365 2255 dubitans,
389 2175 469 2258 quin
493 2194 612 2275 magnp
637 2174 700 2238 sibi
724 2173 796 2237 usui
819 2173 937 2238 foret'
928 2195 963 2237 m
985 2173 1026 2237 iis
1050 2172 1158 2256 rebus,
1181 2195 1262 2275 quas
1286 2196 1394 2276 appa-

202 2261 307 2327 rabat.
354 2225 534 2347 ilogItabat
556 2262 656 2345 enim,
684 2260 771 2347 quod
793 2260 861 2326 fere
885 2282 997 2326 omnes
1020 2261 1055 2325 in
1078 2262 1210 2344 magnis
1238 2262 1394 2346 imperiis

167 2367 184 2417 4
203 2350 445 2435 concupiscunt
465 2350 609 2416 omnium
627 2312 739 2435 pbrtes
759 2350 920 2434 corripere
940 2353 1037 2435 atque
1056 2351 1240 2435 complecti
1270 2349 1394 2434 Neque

204 2460 280 2504 vero
294 2440 358 2504 hoc
376 2440 430 2503 ille
450 2441 538 2505 solus
557 2438 644 2520 fecit,
663 2437 720 2503 sed
734 2439 833 2502 ceteri
847 2460 974 2522 quoque
993 2460 1115 2524 omnes,
1134 2462 1190 2524 qur
1181 2436 1395 2506 Alexandri

202 2527 333 2592 fuerant
360 2527 464 2592 amici.
511 2526 639 2591 Primus
667 2525 855 2591 Leonnatus
886 2526 1112 2591 Macedoniam
1145 2548 1394 2612 praeoccupare

203 2615 432 2681 destinaverat.
468 2614 502 2680 Is
526 2615 639 2680 multis
664 2614 1394 2700 magnisquepollicitationibuspersuadere

203 2703 345 2768 Eumeni
364 2703 497 2788 studuib,
516 2706 553 2767 ιιι
570 2702 756 2767 Perdiccam
777 2702 938 2767 desereret
957 2725 995 2767 ac
1014 2725 1123 2767 secum
1141 2703 1266 2768 faceret
1284 2706 1394 2771 socie·

168 2794 316 2858 atatem.
353 2790 435 2856 Cum
453 2791 628 2876 perducere
647 2813 720 2856 eum
739 2812 805 2855 non
823 2795 945 2874 posset,
963 2792 1145 2857 interficere
1171 2795 1309 2857 conatus
1329 2800 1394 2879 est,

204 2884 238 2944 et
260 2877 434 2966 fecissetl),
456 2880 522 2945 nisi
545 2879 601 2944 ille
625 2881 709 2944 clam
732 2883 833 2943 noctu
856 2900 896 2942 ex
916 2880 1087 2963 praesidiis
1112 2881 1182 2944 eius
1207 2881 1392 2966 effugisset.

170 2988 184 3036 1
293 2968 353 3035 III.
385 2967 520 3034 Interim
544 2967 684 3033 conflata
714 2969 791 3031 sunt
811 2967 869 3032 illa
892 2967 992 3052 bella,
1020 2989 1103 3052 quae
1127 2968 1169 3032 ad
1192 2969 1394 3036 internecio-

203 3079 278 3122 nem
305 3060 382 3143 pcst
368 3057 588 3123 tAlexandri
618 3060 757 3121 mortem
787 3062 881 3139 gesta
847 3059 998 3139 t,sunt
1032 3077 1210 3139 omnesque
1238 3059 1283 3139 [a
1307 3060 1392 3142 321]

205 3150 438 3211 concurrerunt
457 3147 497 3211 ad
515 3144 702 3210 Perdiccam
722 3143 978 3245 opprimendum.
1015 3142 1118 3219 Quem
1137 3144 1203 3208 etsi
1220 3146 1393 3213 infirmum

203 3234 367 3299 Eumenes
381 3234 511 3299 videbat
497 3232 621 3318 t,qucd
634 3254 717 3296 unus
733 3232 884 3296 omnibus
903 3231 1054 3296 resistere
1069 3234 1261 3316 cogebatur,
1274 3240 1392 3301 tamen

206 3323 345 3388 amicum
373 3343 442 3387 non
469 3321 612 3386 deseruit
637 3341 743 3403 neque
771 3320 887 3384 salutis
911 3342 1008 3405 quam
1037 3319 1111 3384 fidei
1136 3321 1201 3385 fuit
1229 3324 1391 3407 cupidior.
1460 3357 1462 3392 ι

169 3411 410 3477 aPraefecerat
437 3431 510 3475 eum
533 3408 704 3473 Perdiccas
728 3408 758 3472 ei
780 3409 867 3491 parti
891 3408 1003 3491 Asiae,
1026 3430 1109 3493 quae
1131 3410 1219 3474 inter
1242 3411 1390 3478 Taurum
1459 3417 1461 3452 ¹

203 3503 349 3563 montem
382 3499 467 3563 iacet
498 3502 532 3562 et
563 3496 830 3580 Hellespontum,
862 3499 896 3560 et
926 3496 1019 3560 illum
1051 3519 1151 3562 unum
1186 3505 1392 3582 opposuerat

204 3585 386 3670 Europaeis
414 3584 623 3651 adversariis:
656 3585 727 3667 ipse
756 3583 945 3667 Aegyptum
974 3589 1200 3669 oppugnatum
1230 3587 1390 3655 adversus
1457 3629 1458 3636 ι

169 3674 428 3742 ePtolemaeum
453 3679 523 3739 erat
545 3670 672 3759 profect
672 3693 720 3738 us.
766 3668 887 3736 Gum'
878 3673 940 3755 1git
941 3693 981 3737 ur
1003 3673 1179 3740 adventare
1202 3676 1392 3744 dicerentur
1456 3653 1458 3710 A

204 3762 518 3848 Hellespontumque
549 3761 707 3826 transisse
741 3758 915 3843 Antipater
947 3765 981 3824 et
1012 3761 1184 3843 Craterus,
1217 3765 1283 3830 viri
1317 3789 1391 3833 cum

205 3852 388 3916 claritatet
373 3855 443 3916 tum
462 3874 522 3917 usu
542 3849 623 3914 belli
641 3852 857 3931 praestantes,
879 3867 1000 3931 magno
1019 3871 1093 3914 cum
1112 3852 1259 3918 exercitu
1278 3853 1390 3921 Mace·

70 3954 81 3970 ’
205 3941 326 4004 donum
345 3939 551 4024 (Macedones
572 3959 650 4004 vero
675 3934 796 4000 milites
820 3957 858 4000 ea
880 3940 950 4000 tum
974 3943 1068 4001 erant
1090 3937 1190 4023 fama,
1214 3963 1281 4025 qua
1305 3965 1391 4009 nunc

204 4028 347 4094 Romani
376 4030 536 4094 feruntur
570 4024 691 4091 etonim
720 4045 847 4107 semper
875 4023 982 4089 habiti
1010 4031 1086 4091 sunt
1114 3989 1307 4117 fortissimi,
1336 4032 1391 4118 qui

228 4215 235 4226 ⁸
243 4237 264 4307 1)
281 4236 363 4291 Anm,
381 4256 415 4292 zu
434 4237 482 4305 VI,
502 4244 526 4292 3.
856 4230 978 4301 ⁸)Anm.
997 4249 1031 4287 zu
1049 4234 1132 4290 Paus.
1152 4236 1188 4306 Il,
1208 4244 1234 4293 ὁ.

242 4307 264 4378 ²)
283 4307 435 4378 Konjunkt.
455 4310 506 4364 der
524 4306 619 4377 Folge.
