2959 4759
195 193 239 258 34
655 193 689 250 x
717 194 816 250 DION.
839 201 865 251 4.
880 199 906 249 s.

194 357 237 422 ab
254 356 317 421 hac
330 357 502 422 voluntate
522 356 653 422 Philisti
671 357 808 423 consilio
827 358 1000 423 deterritus
1019 358 1189 443 aliquanto
1208 358 1374 425 crudelior
1464 417 1465 444 ,

159 552 174 600 1
194 467 265 510 em
282 449 430 610 Icpyepgffi
449 533 579 618 quidem
598 554 672 598 cum
695 556 715 600 a
733 533 837 600 Dione
857 556 891 600 se
914 535 1061 617 superari
1081 534 1204 600 videret
1227 536 1373 621 ingenio,

194 622 402 702 auctoritate,
426 643 535 687 amore
557 623 684 707 populi,
706 623 829 688 veritus
852 644 906 707 ne,
935 624 964 687 si
991 644 1064 687 enm
1087 644 1196 688 secum
1222 623 1372 708 haberet,

194 711 339 794 aliquam
367 711 568 776 occasionem
596 712 647 776 sui
675 712 768 776 daret
796 710 1012 795 opprimendi,
1039 733 1154 777 navem
1177 712 1207 776 ei
1230 714 1272 793 [a.
1287 713 1371 794 366]

194 799 292 882 dedit,
315 820 380 883 qna
397 796 637 887 corinthumfl)
660 799 879 884 deveheretur,
902 800 1109 884 ostenditque
1132 821 1167 864 se
1190 801 1224 864 id
1247 803 1371 866 utrius·

195 909 257 972 que
275 887 383 953 facere
397 909 503 972 causa,
521 910 571 972 ne,
590 910 662 953 cum
676 889 763 953 inter
776 910 811 953 se
829 890 990 967 timerent,
1009 889 1162 954 alteruter
1169 886 1208 974 l⁸)
1227 890 1371 954 alterum

158 980 454 1061 apraeoccuparet
498 977 536 1041 Id
569 999 642 1042 cum
674 978 768 1042 multi
800 977 1049 1062 indignarentur
1079 998 1284 1063 magnaeque
1316 1000 1370 1043 res

193 1070 280 1130 esset
297 1065 439 1130 invidiae
456 1068 607 1150 tyranno,
625 1064 804 1150 Dionysius
823 1067 944 1147 omnia,
967 1088 1050 1150 quae
1069 1067 1193 1131 moveri
1214 1071 1371 1150 poterant

192 1152 319 1238 Dionis,
340 1155 376 1218 in
398 1175 498 1220 nares
521 1154 678 1239 imposuit
701 1154 741 1219 ad
765 1176 902 1239 eumque
925 1155 1025 1220 misit.
1071 1152 1124 1220 Sic
1147 1154 1234 1219 enim
1258 1156 1370 1220 existi-

193 1242 278 1306 mari
299 1242 442 1326 uolebat,
464 1242 497 1307 id
521 1264 555 1307 se
577 1264 644 1308 non
662 1242 737 1308 odio
759 1241 912 1327 hominis,
935 1243 991 1307 sed
1011 1264 1088 1308 suae
1112 1243 1226 1307 salutis
1250 1242 1370 1308 fecisse

157 1351 173 1400 3
193 1352 300 1396 causa.
337 1330 456 1396 Postea
478 1352 555 1396 vero
579 1352 675 1415 quam
699 1329 868 1416 audirit19)
891 1352 965 1396 eum
988 1332 1023 1395 in
1046 1330 1271 1415 Peloponneso
1301 1355 1370 1396 ma·

191 1440 270 1483 num
293 1440 482 1503 comparare
506 1419 631 1503 sibique
654 1419 778 1484 bellum
800 1419 907 1485 fecere
929 1419 1050 1504 conari,
1073 1419 1207 1500 Areten,
1232 1421 1369 1503 [accc]

191 1506 309 1572 Dionis
337 1529 484 1587 uxorem,
512 1507 569 1572 alii
595 1511 733 1591 nuptum
763 1508 851 1573 dedit
872 1509 1040 1592 filiumque
1063 1509 1133 1573 eius
1162 1508 1209 1572 sic
1237 1509 1370 1574 educari

156 1616 174 1664 4
192 1596 300 1679 iussit,
318 1599 356 1661 ut
369 1595 567 1680 indulgendo
581 1596 780 1680 turpissimis
797 1597 998 1661 imbueretur
1012 1596 1252 1681 cupiditatibus.
1279 1596 1369 1662 Nam

192 1706 303 1767 puero,
326 1685 418 1768 prius
442 1706 539 1768 quam
565 1685 668 1769 pubes
697 1688 798 1769 esset,
824 1685 977 1750 mulieres
1006 1685 1262 1769 adducebantur,
1289 1686 1369 1751 vino

192 1773 362 1858 epulisque
394 1774 606 1857 obruebatur,
634 1795 738 1857 neque
771 1773 871 1838 ullum
904 1779 1033 1857 tempus
1065 1773 1175 1839 sobrio
1207 1773 1369 1859 relinque·

156 1861 299 1931 statur.
343 1861 390 1941 Is,
412 1865 587 1946 postquam
610 1861 646 1926 in
670 1863 814 1947 patriam
837 1862 934 1927 rediit
956 1864 1065 1947 pater,
1092 1884 1194 1946 usqne
1218 1884 1256 1926 eo
1280 1864 1368 1928 vitae

192 1952 314 2015 statum
339 1953 573 2016 commutatum
595 1949 678 2015 ferre
702 1972 768 2015 non
794 1951 902 2035 potuit
929 1947 1083 2037 (nemque
1106 1950 1248 2035 appositi
1271 1955 1368 2017 erant

192 2037 355 2123 custodes,
387 2041 443 2123 qui
475 2061 548 2104 eum
582 2059 602 2102 a
632 2040 774 2123 pristino
805 2040 895 2104 rictu
931 2036 1154 2124 deducerent),
1186 2044 1224 2104 ut
1257 2061 1291 2104 se
1330 2040 1369 2105 de

192 2128 356 2211 superiore
379 2131 472 2211 perte
496 2128 624 2192 aedium
647 2128 789 2192 deiceret
817 2131 913 2212 atque
936 2128 984 2191 ita
1005 2128 1163 2192 interiret.
1201 2125 1265 2192 Sed
1289 2129 1370 2194 illuc

189 2220 342 2281 revertor.

155 2324 168 2371 1
278 2304 319 2372 V.
357 2304 534 2389 Postquam
558 2301 752 2370 Corinthum
775 2302 970 2389 pervenit20)
992 2302 1080 2368 Dion
1103 2307 1136 2368 et
1158 2304 1271 2369 eodem
1295 2327 1368 2388 per·

189 2392 275 2478 fugit
302 2394 343 2459 ab
369 2393 481 2458 eodem
505 2392 664 2477 Dionysio
692 2394 845 2478 expulsus
869 2392 1072 2474 Heraclides,
1096 2392 1151 2476 qui
1181 2391 1368 2477 praefectus

189 2482 297 2547 fuerat
329 2483 488 2567 equitum,
521 2482 609 2547 omni
641 2481 769 2546 ratione
801 2481 923 2546 bellum
955 2502 1142 2565 comparare
1180 2485 1367 2564 coeperunt.

155 2590 171 2637 a
192 2567 256 2634 Sed
273 2592 340 2635 non
355 2570 495 2635 multum
507 2569 731 2654 proficiebant,
744 2570 830 2654 quod
850 2571 1027 2636 multorum
1044 2591 1203 2634 annorum
1216 2572 1367 2653 tyrannis

190 2679 385 2742 magnarum
403 2680 502 2742 opum
525 2658 717 2742 putabatur:
739 2680 838 2742 quam
861 2659 903 2723 ob
928 2680 1059 2724 causam
1081 2658 1176 2742 pauci
1199 2658 1240 2721 ad
1264 2660 1366 2724 socie·

155 2766 171 2814 3
190 2750 293 2812 tatem
316 2746 451 2831 periculi
474 2746 743 2831 perducebantur.
789 2746 851 2812 Sed
874 2746 975 2830 Dion,
1001 2748 1105 2811 fretus
1132 2767 1201 2810 non
1225 2748 1267 2827 [a.
1283 2747 1365 2830 357]

190 2838 259 2899 tam
288 2837 355 2899 suis
384 2835 487 2919 copiis
515 2857 612 2919 quam
643 2834 717 2899 odio
748 2837 895 2920 tyranni,
923 2836 1065 2900 maximo
1096 2835 1206 2899 animo
1238 2835 1364 2901 duabus

188 2923 347 2989 onerariis
376 2923 513 2988 navibus
542 2924 778 3009 quinquaginta
805 2946 965 2989 annorum
993 2924 1179 3008 imperium,
1201 2924 1365 2989 munitum

189 3013 436 3137 quadringentis
449 3013 558 3099 longis
573 3013 719 3096 navibus,
729 3012 840 3078 decem
855 3013 999 3097 equitnm
1009 3015 1202 3096 centumque
1215 3012 1365 3096 peditum

189 3102 322 3167 milibus
343 3099 384 3189 ¹),
405 3101 569 3184 profectus
593 3105 827 3186 oppugnatum,
850 3102 934 3185 quod
958 3100 1111 3166 omnibus
1134 3100 1287 3185 gentibus
1312 3101 1365 3165 ad·

188 3191 338 3256 mirabile
361 3194 411 3256 est
428 3191 543 3275 visum,
566 3191 644 3255 adeo
667 3190 765 3255 facile
788 3190 935 3276 perculit,
956 3194 994 3254 nt
1016 3193 1091 3272 post
1112 3188 1196 3253 diem
1219 3190 1365 3273 tertium,

190 3301 286 3365 quam
306 3277 451 3344 Siciliam
475 3280 640 3364 attigerat,
663 3276 838 3362 Syracusas
857 3279 1018 3343 introiret
1054 3277 1188 3361 Exque
1211 3277 1363 3363 intellegi

98 3371 101 3376 ’
187 3370 299 3451 potest
315 3367 442 3432 nullum
460 3388 530 3431 esse
548 3368 719 3451 imperium
738 3370 846 3432 tutum
865 3368 929 3431 uisi
948 3366 1174 3432 benevolentia
1191 3366 1364 3432 munitum.

153 3473 170 3523 4
188 3456 239 3522 Eo
263 3460 409 3540 tempore
430 3455 542 3520 aberat
560 3454 738 3539 Dionysius
758 3459 790 3519 et
808 3456 843 3520 in
860 3455 958 3520 Italia
976 3455 1114 3520 classem
1134 3454 1367 3538 opperiebatur

225 3648 260 3718 Π)
278 3647 331 3703 Die
349 3646 533 3701 Mutterstadt
549 3662 606 3700 von
619 3646 748 3715 Syracus.
803 3662 833 3701 er
861 3647 962 3702 dessen
988 3645 1118 3716 liegende
1145 3643 1234 3699 linter
1263 3644 1368 3715 einsog

225 3718 258 3787 1⁸)
273 3720 353 3774 Alter
363 3718 484 3773 alterum
492 3716 749 3771 wdrdeeinWech·
801 3718 859 3772 und
877 3716 976 3773 Gattin
993 3716 1053 3771 und
1072 3715 1147 3771 Sohn
1165 3714 1315 3769 desselben
1333 3715 1364 3768 in

188 3789 387 3844 selverhtltnis
410 3788 592 3854 bezeichnen,
615 3805 650 3841 cn
667 3803 747 3856 prae·
802 3788 852 3844 der
878 3789 941 3843 hier
967 3787 1166 3858 angegebenen
1191 3786 1285 3841 Weise
1315 3784 1364 3841 be-

188 3876 326 3930 occupere
344 3861 405 3915 also
424 3877 475 3930 gur
493 3859 572 3914 nicht
589 3874 700 3928 passen.
800 3858 942 3915 bandelte.
980 3858 1040 3913 Auf
1055 3858 1130 3913 diese
1148 3856 1363 3927 Veranlassnng

225 3930 259 4000 ¹⁹)
285 3930 368 3986 Plato
391 3946 450 3986 war
473 3935 524 3985 361
553 3948 616 3984 zum
639 3928 746 3984 dritten
800 3932 859 3985 erst
884 3930 969 3987 fasste
998 3929 1071 3985 Dion
1103 3929 1157 3983 den
1187 3926 1274 3995 Plan,
1308 3927 1363 3981 den

186 3999 246 4055 Mal
264 4002 337 4056 nach
356 4000 479 4070 Syrakns
498 4000 678 4071 gelrommen,
696 4018 744 4055 um
798 4000 945 4069 'Iyrsnnen
986 4000 1039 4055 mit
1074 3999 1292 4069 Waffengewalt
1328 4015 1363 4051 an

187 4072 233 4127 die
261 4072 512 4141 Zuriiclrbernfung
539 4071 588 4126 des
611 4070 685 4127 Dion
712 4091 747 4126 un
800 4076 920 4128 sturton.

187 4143 333 4200 erwirlrcn.
370 4141 437 4199 Dies
456 4142 558 4214 gelang
575 4142 636 4196 ihm
657 4142 746 4210 nicht,
838 4143 872 4212 ²⁰)
891 4144 973 4198 Siehe
991 4141 1072 4199 Anm.
1093 4147 1135 4197 19.

185 4213 325 4269 rielmehr
356 4214 446 4282 aeigte
478 4232 535 4268 nun
567 4217 637 4281 eret,
673 4214 747 4269 nach
838 4213 862 4246 ²¹
891 4204 967 4269 Uber
985 4212 1063 4268 diere
1082 4211 1188 4266 Zahlen
1207 4211 1263 4279 vgl.
1279 4209 1361 4264 Diod.

186 4284 282 4339 Platos
309 4282 476 4350 Heimkehr,
502 4282 653 4351 Dionysius
686 4282 747 4338 sich
800 4283 873 4351 XV,
894 4290 918 4340 9.
953 4283 1027 4337 Plut.
1046 4281 1128 4337 Dion.
1148 4286 1189 4336 14.
1222 4281 1282 4334 Ael.
1303 4297 1363 4334 var.

187 4355 267 4408 recht
285 4352 436 4421 feindselig
450 4368 541 4422 gegen
554 4353 636 4421 Dion,
651 4352 747 4407 indam
800 4353 865 4409 hist.
886 4354 933 4422 VI,
953 4359 994 4407 12.
