2959 4759
226 212 270 279 30
660 212 708 267 ix.
737 210 871 267 coron.
895 219 920 267 2.
939 217 965 269 a.

191 389 207 438 1
315 376 359 441 ΙΙ.
393 374 434 440 In
456 376 552 440 rebus
576 378 684 439 autem
709 373 840 439 afflictis
870 397 937 440 non
959 374 1131 459 quaesivit,
1155 377 1211 441 ubi
1234 378 1302 463 ipse
1326 384 1401 446 tuto
1473 409 1474 472 g

226 467 364 549 viveret,
393 465 450 529 sed
477 463 560 529 unde
589 462 751 547 praesidio
778 467 892 546 posset
913 485 984 528 esse
1013 464 1137 529 civibus
1161 467 1239 530 suis.
1284 465 1402 553 Itaque

226 555 339 621 relicta
360 553 481 638 Cypro,
499 573 562 637 quo
582 574 622 617 ex
640 552 720 636 fuga
746 572 780 615 se
798 555 973 637 receperat,
992 553 1130 618 contulit
1149 575 1183 618 se
1202 555 1244 618 ad
1257 554 1402 622 Pharna
1473 559 1474 564 ’

225 644 352 727 barum,
376 645 540 725 satrapem
558 638 772 724 Dascylitidis
791 640 979 724 provinciae
997 640 1199 726 eundemque
1217 644 1305 729 regis
1327 669 1402 729 pro·

226 732 398 817 pinquum:
422 730 508 814 apud
532 749 627 813 quem
650 731 688 792 ut
710 728 850 793 multum
874 729 981 813 gratia
1004 729 1138 812 valeret,
1161 732 1266 795 multo
1289 733 1401 799 labore
1473 813 1474 816 Ἴ

190 829 207 878 2
227 820 403 905 multisque
426 817 532 883 effecit
555 817 707 901 perieulis
730 817 916 882 subeundis.
952 816 1040 882 Nam
1058 839 1132 882 cum
1150 819 1401 888 Lacedaemonii

227 907 483 974 Atheniensibus
507 905 640 970 devictis
668 905 704 968 in
727 905 883 970 societate
906 927 972 970 non
994 909 1177 990 manerent,
1205 929 1305 991 quam
1327 932 1401 975 cum

227 996 417 1063 Artaxerxis
436 998 529 1080 patre
543 992 644 1059 Dario
658 992 811 1078 fecerant,
829 992 974 1077 duosque
987 993 1137 1078 deinceps
1151 993 1283 1083 duces³)
1303 998 1400 1063 bella·

226 1092 296 1152 tum
324 1084 491 1149 misissent
520 1083 555 1146 in
582 1083 710 1165 Asiam,
737 1082 798 1146 hos
830 1082 983 1146 adversus
1011 1081 1241 1148 Phamabasus
1268 1085 1401 1152 habitus

227 1178 278 1240 est
299 1174 486 1258 imperator,
507 1191 542 1235 re
562 1169 691 1254 quidem
710 1192 787 1235 vera
805 1170 959 1235 exercitui
977 1171 1118 1254 praefuit
1136 1170 1249 1238 Conon
1269 1174 1401 1260 eiusque

190 1263 337 1329 ³omnia
369 1261 503 1326 arbitrio
534 1263 628 1344 gesta
659 1263 744 1323 sunt.
789 1258 903 1343 ltaque
933 1260 989 1324 illo
1020 1258 1175 1325 suadente
1205 1283 1225 1326 a
1257 1263 1299 1342 [a.
1319 1265 1398 1345 397]

225 1372 303 1436 rege
327 1349 368 1415 ad
391 1351 551 1414 moreest
572 1347 701 1430 missus,
723 1350 761 1411 ut
780 1345 909 1432 Cypriis
928 1353 962 1412 et
979 1347 1194 1414 Phoenicibus
1218 1353 1397 1437 ceterisque

226 1439 401 1504 maritimis
425 1436 611 1503 civitatibus
639 1457 738 1500 naves
762 1436 816 1501 lon
842 1458 878 1500 as
901 1436 1075 1520 imperaret
1097 1437 1312 1524 classemque,
1339 1463 1401 1526 qua

189 1534 208 1583 4
227 1549 317 1592 mare
335 1526 420 1591 tueri
438 1528 559 1609 posset,
577 1529 788 1608 compararet.
817 1457 879 1588 ded
899 1546 937 1589 ea
955 1526 1105 1608 persequi
1117 1525 1401 1607 Lacedaemonios,

226 1617 282 1700 qui
311 1613 412 1680 misso
442 1615 477 1678 in
504 1612 619 1678 Asiam
650 1633 777 1677 summo
808 1612 888 1677 duee
922 1613 1076 1697 Agesilao
1103 1615 1226 1679 bellum
1256 1617 1299 1697 [a.
1318 1618 1397 1698 396]

225 1706 474 1784 renovaverant,
501 1701 685 1787 prohibitus
716 1705 766 1766 est
795 1701 935 1766 militum
966 1701 1135 1787 seditione,
1164 1704 1218 1788 qui
1248 1704 1399 1771 elissa·

225 1793 348 1877 pherne
371 1791 533 1874 stipendio
555 1787 834 1873 fraudabantur⁴).

191 1888 206 1937 1
314 1879 372 1945 ΠΙ.
407 1878 579 1944 Defecerat
611 1900 631 1942 a
658 1898 733 1962 rege
762 1877 1010 1962 Tissaphernes,
1043 1884 1191 1962 satrapes
1222 1879 1336 1945 loniae
1368 1886 1400 1946 et

226 1968 360 2054 Lydiae,
383 1989 487 2053 neque
510 1967 544 2032 id
567 1970 637 2031 tam
660 1967 833 2031 Artaxerxi
856 1988 954 2050 quam
977 1966 1187 2033 Pharnabazo
1216 1973 1249 2033 et
1273 1966 1399 2036 Oononi

226 2062 296 2122 erat
324 2053 520 2142 apertumq:
548 2055 659 2119 multis
683 2055 769 2119 enim
797 2054 987 2139 magnisque
1015 2055 1139 2120 meritis
1167 2057 1252 2140 apud
1279 2079 1399 2143 regem,

226 2147 325 2211 etiam
344 2167 417 2210 cum
440 2145 474 2209 in
493 2143 602 2209 officio
622 2164 688 2208 non
711 2149 866 2226 maneret,
888 2143 1029 2212 valebat.
1058 2143 1172 2228 Neque
1190 2144 1223 2209 id
1246 2151 1318 2211 erat
1341 2149 1398 2212 mi·

225 2235 377 2317 randum,
405 2234 434 2297 si
461 2254 528 2297 non
555 2231 650 2296 facile
678 2232 734 2295 ille
759 2231 798 2295 ad
827 2230 1019 2296 credendum
1046 2231 1278 2316 adducebatur,
1306 2237 1399 2300 remi·

190 2329 206 2378 2
225 2324 353 2388 niscens
377 2321 446 2385 eius
470 2343 505 2385 se
523 2341 623 2405 opera
641 2319 761 2404 Cyrum
784 2319 919 2384 fratrem
939 2317 1151 2407 superassel).
1183 2320 1289 2387 Huius
1310 2345 1400 2389 aceu-

226 2411 318 2476 sandi
346 2410 454 2495 gratia
477 2407 591 2474 Conon
618 2409 659 2473 ad
686 2429 797 2494 regem
825 2408 990 2493 profectus
1012 2413 1225 2493 posteaquam
1255 2412 1297 2491 [a.
1317 2412 1396 2493 395]

225 2500 326 2582 venit,
354 2498 495 2584 primum
518 2518 557 2562 ex
579 2518 671 2562 more
693 2496 868 2562 Persarum
892 2496 932 2560 ad
955 2496 1184 2583 chiliarchum,
1206 2499 1262 2583 qui
1286 2521 1398 2565 secun-

225 2586 302 2652 dum
321 2586 456 2671 gradum
474 2586 602 2670 imperii
620 2586 762 2667 tenebat,
781 2584 1002 2650 Tithraustem
1021 2587 1158 2651 accessit
1177 2608 1273 2671 seque
1293 2592 1399 2654 osten·

225 2676 275 2741 dit
302 2696 375 2740 cum
403 2695 480 2759 rege
503 2675 644 2757 colloqui
666 2674 765 2756 velle,
787 2695 882 2738 nemo
907 2673 993 2738 enim
1023 2674 1094 2739 sine
1116 2675 1180 2740 hoc
1203 2676 1396 2743 admittitur.

189 2771 205 2819 3
226 2763 290 2840 Qui
311 2763 360 2826 illi
383 2760 505 2836 ‘nulla'
528 2762 636 2845 inquit
658 2759 764 2827 'mera
786 2767 851 2846 est,
882 2762 938 2827 sed
960 2765 997 2826 tu
1021 2762 1177 2849 delibera,
1200 2766 1311 2829 utrum
1335 2766 1399 2831 col-

225 2850 315 2936 loqui
343 2850 438 2915 malis
463 2873 505 2915 an
532 2871 591 2933 per
612 2850 740 2914 litteras
768 2869 864 2934 agere
888 2872 971 2935 quae
1001 2852 1134 2935 cogitas
1180 2850 1323 2919 Necesse
1352 2859 1401 2919 est

226 2939 326 3024 enim,
355 2939 383 3003 si
415 2940 449 3004 in
476 2943 686 3022 conspectum
716 2939 858 3025 veneris,
883 2940 1030 3004 venerari
1059 2944 1092 3004 te
1121 2961 1230 3025 regem
1261 2939 1397 3026 (quom)

224 3097 327 3153 rettete
351 3111 380 3151 er
403 3101 420 3150 9
444 3094 561 3166 Semne,
586 3096 633 3152 die
656 3111 687 3150 er
710 3097 784 3152 noch
838 3095 976 3150 braehten
1002 3095 1065 3149 eine
1087 3095 1183 3150 Flotte
1210 3097 1271 3165 auf,
1300 3097 1399 3153 sobald

224 3166 393 3237 reehtzeitig
410 3168 567 3223 bemannen
585 3168 701 3236 konnte,
721 3166 785 3222 dar·
839 3167 880 3221 sie
902 3181 958 3220 soa
977 3165 1088 3221 Conons
1106 3165 1270 3236 Thatiglseit
1291 3166 1323 3222 in
1346 3168 1399 3224 den

224 3240 307 3293 unter
331 3237 375 3321 die
394 3237 517 3320 Paralos.
554 3238 638 3293 Diese
657 3238 784 3319 schiekte
839 3236 984 3293 sudhchen
1016 3237 1180 3292 Gewassern
1215 3237 1318 3294 Kunde
1355 3240 1400 3295 be

222 3308 577 3460 hla’cllmlldtlllcille&hdell1
585 3309 786 3435 dldlllmidli
838 3309 964 3446 kalllellr
985 3378 1066 3433 hatte
1088 3377 1254 3461 wiederholt
1276 3378 1324 3434 die
1341 3385 1396 3435 An·

223 3449 291 3505 iand
300 3448 495 3504 erAufnahme
504 3451 551 3504 ber
561 3449 713 3519 Euagorae,
721 3450 785 3504 dem
839 3448 921 3519 griffe
962 3449 1011 3503 der
1047 3448 1268 3504 Lacedtmomer
1310 3451 1397 3506 durch

223 3520 410 3576 Beherrscher
417 3537 473 3575 von
484 3518 604 3575 Salamis
611 3520 662 3575 auf
669 3518 783 3590 Cyprus.
838 3518 1019 3576 Waffenruhe
1038 3537 1093 3575 von
1111 3520 1216 3575 seinem
1231 3520 1335 3578 Gebiet
1352 3521 1401 3577 auf

223 3591 358 3647 Daselbst
375 3588 452 3645 blieb
472 3606 502 3644 er
520 3591 648 3645 mehrere
665 3589 761 3645 Jahre.
838 3592 888 3646 das
903 3590 954 3645 des
963 3589 1161 3646 Pharnabazus
1173 3590 1330 3662 abgelenlrt
1342 3594 1398 3648 und

261 3662 282 3729 ⁸)
305 3659 461 3716 Thimbron
479 3666 621 3716 400-399
639 3661 698 3715 und
716 3661 784 3716 Der·
839 3661 936 3717 Conon
954 3661 1000 3716 die
1018 3662 1136 3732 rotigen
1149 3661 1324 3732 Hilfsgelder
1337 3682 1397 3720 vor-

224 3730 343 3803 cyllidas
366 3736 527 3788 399-397.
563 3731 651 3786 Beide
670 3731 785 3787 ffihrten
839 3731 993 3789 enthalten.
1031 3732 1074 3787 Ob
1106 3749 1137 3788 er
1167 3731 1236 3788 aber
1267 3733 1398 3791 wirklioh

224 3804 279 3859 den
300 3803 388 3874 Krieg
412 3822 465 3859 nur
489 3804 519 3859 in
544 3803 598 3857 den
620 3802 785 3859 nbrdlichen
838 3804 940 3859 Vertat
976 3818 1023 3857 am
1057 3802 1169 3875 Konige
1204 3805 1308 3874 genas,
1345 3806 1397 3861 wie

224 3874 440 3944 Lundstrichen‚
463 3874 571 3931 welche
598 3890 645 3928 zur
666 3871 785 3929 Prorinz
838 3875 1036 3930 Pharnabazus
1060 3874 1117 3928 und
1141 3875 1238 3929 Conon
1263 3875 1397 3946 meinten,

225 3943 274 3999 des
287 3945 483 4001 Pharnabazus
496 3945 642 4017 gehdrtem
657 3944 783 4000 weshalb
837 3944 877 3999 ist
890 3944 970 4000 nieht
988 3945 1178 4027 ausgemaoht.
1198 3944 1396 4002 Wahrsohein-

225 4012 425 4083 Tissaphernes
457 4017 519 4073 hier
545 4015 625 4072 nicht
657 4016 785 4070 erwthnt
837 4014 895 4071 lioh
914 4015 971 4098 gab
986 4033 1016 4071 er
1030 4016 1090 4069 sich
1104 4034 1158 4069 nur
1171 4032 1222 4070 aus
1236 4016 1396 4074 Eifersucht

224 4084 303 4140 wird.
838 4088 888 4142 auf
914 4102 980 4156 Jene
1012 4085 1115 4140 beiden
1147 4086 1242 4141 solche
1273 4087 1395 4144 Blolsen.

261 4155 284 4225 ⁴)
304 4153 401 4210 Conon
418 4156 521 4213 musste
537 4156 597 4212 sich
616 4156 670 4212 mit
688 4156 784 4211 seinen
837 4157 901 4228 vgt
920 4160 1003 4226 Ages.
1022 4155 1070 4209 111.

224 4225 452 4295 unbotmefsigen
477 4227 585 4283 heuten
611 4229 641 4282 in
666 4226 785 4282 Cilicien
874 4228 897 4297 ⁶)
916 4227 1051 4283 Seblaeht
1068 4227 1115 4282 bei
1133 4226 1247 4283 Conana
1264 4234 1327 4284 401.

224 4296 282 4351 und
301 4294 402 4350 Oarien
426 4296 476 4350 auf
497 4297 543 4353 die
561 4297 710 4353 Defensive
735 4297 784 4350 be·
876 4298 897 4367 ⁷)
917 4298 1004 4353 Nieht
1022 4313 1115 4367 quam,
1134 4296 1198 4353 weil
1216 4298 1264 4352 ein
1281 4298 1394 4356 Fremd·

225 4365 391 4422 sohranlren.
410 4366 491 4420 Denn
505 4366 551 4422 die
566 4365 785 4424 baeedtmonier
838 4371 910 4423 wort
927 4369 1007 4437 folgt.
