2959 4759
197 230 242 296 60
595 229 922 289 remuneramus
946 238 972 288 4.

196 416 255 459 nes
278 416 415 481 usquam
439 417 474 460 se
497 398 651 460 moveret.
696 395 817 480 Magna
840 395 961 479 praeda
984 395 1143 460 militibus
1166 395 1369 480 locupletatis

197 483 364 567 Ephesum
405 484 586 549 hiematum
627 483 803 548 exercitum
844 484 973 549 reduxit
1014 489 1112 570 atque
1148 485 1195 549 ibi
1237 486 1371 552 officinis

162 588 363 636 sarmorum
390 572 552 637 institutis
579 592 700 657 magna
729 572 889 637 industria
916 572 1038 637 bellum
1066 574 1247 659 apparavit.
1292 573 1368 640 (lum

198 661 309 725 autem
326 665 456 745 tempus
479 664 568 726 esset
589 661 695 726 visum
718 662 831 747 copias
855 661 1023 725 extrahere
1046 683 1086 726 ex
1107 662 1214 727 hiber·
1236 665 1279 743 [a.
1294 664 1370 746 395]

195 749 332 833 naculis,
355 750 553 835 suspicatus,
576 749 618 831 si,
642 771 705 832 quo
730 754 818 814 esset
839 748 903 813 iter
924 748 1079 834 facturus,
1100 751 1210 835 palam
1233 774 1372 834 pronun·

196 837 323 922 tiasset,
340 838 451 903 hostes
469 860 537 902 non
555 837 733 903 credituros
757 837 902 922 aliasque
925 839 1075 923 regiones
1093 840 1263 922 praesidiis
1284 862 1373 907 oceu-

196 928 331 1010 paturos
353 948 458 1012 neque
482 926 689 992 dubitaturos
717 927 805 991 aliud
829 948 864 991 se
888 948 959 991 esse
982 928 1146 993 facturum
1169 949 1207 993 ac
1229 951 1373 1013 pronun-

195 1014 324 1099 tiasset,
354 1014 471 1080 Sardes
498 1015 620 1079 iturum
650 1037 684 1080 se
708 1015 796 1080 dixit
842 1015 951 1099 Atque
974 1014 1210 1101 Tissaphernes
1241 1019 1374 1084 eandem

160 1100 326 1169 scariam
350 1104 584 1169 defendendam
612 1104 751 1185 putavit.
796 1103 835 1167 In
860 1125 1020 1187 quocum
1051 1127 1123 1169 eum
1148 1106 1260 1189 opinio
1283 1105 1374 1173 fefel-

195 1192 289 1257 lisset
306 1192 491 1277 victumque
516 1191 705 1258 cecidisset
727 1192 874 1267 oonsilio,
900 1214 973 1257 sero
995 1194 1062 1258 suis
1085 1193 1246 1278 praesidio
1269 1196 1374 1279 profe

198 1284 269 1345 ctus
293 1284 354 1345 est.
399 1279 485 1346 Nam
509 1302 582 1346 eum
605 1281 663 1345 illo
686 1280 843 1359 venisset,
868 1282 934 1346 iam
958 1281 1133 1367 Agesilaus
1157 1283 1269 1348 multis
1293 1286 1373 1349 loeis

161 1383 177 1432 5
198 1369 393 1454 expugnatis
409 1389 530 1455 magna
545 1372 615 1433 erat
632 1369 753 1453 praeda
768 1370 903 1452 potitus.
934 1369 1022 1435 Laeo
1037 1376 1143 1436 autem
1163 1393 1236 1437 oum
1250 1371 1375 1438 videret

195 1457 307 1522 hostes
336 1458 484 1542 equitatu
513 1479 679 1542 superare,
705 1479 882 1541 numquam
905 1458 941 1523 in
963 1481 1078 1542 campo
1102 1461 1151 1524 sui
1182 1461 1262 1526 fecit
1284 1466 1374 1545 pote·

196 1547 314 1609 statem
342 1552 376 1610 et
402 1546 444 1611 iis
471 1546 553 1611 locis
580 1568 715 1610 manum
748 1548 926 1629 conseruit,
959 1548 1075 1630 quibus
1102 1549 1176 1633 plus
1209 1549 1374 1632 pedestres

196 1633 309 1718 copiae
338 1635 493 1699 valerent.
537 1633 646 1699 Pulsis
675 1635 779 1719 igitur
806 1634 891 1717 apud
918 1634 1087 1700 Pactolum
1118 1637 1238 1702 flumen
1269 1640 1374 1704 multo

196 1722 375 1788 maioribus
399 1723 659 1789 adversariorum
682 1723 885 1807 equestribus
912 1724 1013 1807 copiis
1037 1727 1084 1790 sio
1106 1726 1141 1789 in
1163 1725 1245 1791 Asia
1268 1750 1374 1793 versa·

195 1818 249 1874 tus
273 1815 332 1894 est,
355 1815 392 1876 ut
415 1813 560 1876 omnium
584 1812 735 1895 opinione
759 1812 863 1877 victor
885 1812 1064 1879 duceretur.

161 1914 174 1961 1
284 1899 342 1966 IV.
374 1898 437 1964 Sed
460 1922 533 1966 cum
556 1901 622 1965 iam
646 1900 757 1965 animo
780 1900 994 1966 meditaretur
1015 1902 1051 1968 in
1069 1902 1185 1967 Persas
1208 1904 1374 1986 proficisci

196 1991 228 2052 et
250 1988 358 2073 ipsum
380 2009 490 2073 regem
515 1988 644 2072 adoriri,
667 1988 801 2053 nuntius
824 1989 855 2054 ei
878 1989 974 2054 domo
998 1990 1088 2055 venit
1111 1990 1210 2075 epho·
1234 1994 1277 2072 [a.
1293 1993 1372 2077 394]

195 2098 306 2141 rorum
329 2076 446 2156 missu,
473 2077 597 2142 bellum
620 2078 837 2141 Athenienses
865 2081 898 2143 et
923 2078 1066 2144 Boeotos
1094 2078 1251 2144 indixisse
1275 2079 1374 2147 Laee-

160 2179 176 2226 a
196 2165 388 2230 daemoniis:
413 2187 511 2249 quare
530 2166 640 2230 venire
664 2188 705 2230 ne
725 2165 897 2230 dubitaret.
933 2164 972 2230 In
996 2189 1059 2251 quo
1082 2190 1149 2233 non
1171 2169 1279 2233 minus
1304 2173 1373 2237 eius

195 2253 300 2337 pietas
328 2252 531 2339 suspicienda
562 2258 613 2318 est
642 2275 740 2337 quam
768 2255 801 2318 in
835 2253 951 2320 ceteris
984 2256 1080 2320 rebus
1110 2257 1215 2321 virtus
1244 2258 1373 2325 bellica.

193 2340 281 2407 Nam
300 2364 373 2408 eum
391 2342 510 2408 victori
527 2347 693 2426 praeesset
711 2343 867 2428 exercitui
886 2343 1125 2430 maximamque
1140 2345 1277 2410 haberet
1294 2348 1374 2414 fidn-

195 2431 278 2495 ciam
305 2431 400 2516 regni
427 2430 600 2496 Persarum
626 2432 790 2516 potiundi,
819 2434 913 2496 tanta
941 2433 1101 2498 modestia
1122 2433 1209 2500 dicto
1237 2436 1374 2502 audiens

194 2519 257 2584 fuit
284 2520 380 2585 iussis
409 2520 596 2584 absentium
627 2520 891 2604 magistratuum,
923 2525 961 2585 ut
988 2522 1017 2586 si
1044 2521 1190 2605 privatus
1218 2523 1254 2587 in
1284 2527 1374 2591 curia

195 2611 280 2672 esset
308 2607 453 2691 Spartae.
499 2607 599 2673 Cuius
614 2607 809 2691 ,exemplum
837 2610 964 2673 utinam
991 2610 1097 2675 nostri
1127 2612 1372 2700 imperatorem)

158 2710 174 2758 3
195 2696 286 2780 sequi
310 2696 501 2761 voluissent!
531 2694 594 2760 Sed
612 2696 690 2761 illuc
707 2696 885 2762 redeamus.
925 2698 1096 2783 Agesilaus
1121 2700 1371 2784 opulentissimo

193 2805 294 2868 regno
322 2785 511 2868 praeposuit
540 2785 659 2849 bonam
692 2785 963 2851 existimationem
995 2786 1163 2871 multoque
1196 2790 1372 2872 gloriosius

193 2874 296 2956 duxit,
319 2873 348 2937 si
370 2874 531 2937 institutis
554 2874 680 2956 patriae
703 2873 876 2958 paruisset,
901 2896 999 2957 quam
1023 2876 1052 2940 si
1075 2876 1161 2941 bello
1186 2886 1372 2961 superasset

158 2975 175 3023 4
194 2961 318 3026 Asiam.
355 2961 401 3026 Et
424 2983 487 3045 quo
512 2962 626 3026 melius
649 2961 846 3027 instructum
866 2964 1042 3029 exercitum
1062 2986 1170 3030 secum
1190 2966 1372 3052 abduceret,

193 3051 337 3134 praemia
368 3050 539 3136 proposuit
570 3054 604 3115 et
635 3050 731 3115 sociis
764 3051 965 3136 civitatibus,
1000 3075 1082 3136 quae
1112 3055 1308 3121 lectissimas
1340 3063 1372 3122 et

193 3138 420 3204 ornatissimas
445 3139 507 3204 sibi
535 3140 645 3223 copias
668 3139 849 3224 misissent,
877 3145 910 3205 et
933 3141 1208 3208 conducticiorum
1231 3143 1371 3211 ductori·

193 3228 268 3311 bus,
301 3228 330 3292 si
362 3228 418 3311 qui
451 3250 583 3293 auarum
616 3227 799 3293 cohortium
827 3230 878 3293 vel
911 3233 1030 3295 ornatu
1059 3232 1110 3295 vel
1138 3232 1371 3299 exercitatione

157 3331 173 3379 o
194 3316 308 3380 ceteris
331 3315 579 3402 praestarent9).
626 3315 696 3392 Quo
720 3317 808 3382 facto
832 3316 1083 3402 Hellespontum
1107 3319 1219 3403 copias
1241 3322 1373 3391 traiecit

193 3407 349 3487 tantaque
377 3425 456 3468 usus
484 3409 534 3469 est
561 3406 740 3489 celeritate,
773 3410 824 3491 ut,
856 3408 943 3491 quod
970 3408 1034 3471 iter
1060 3407 1183 3473 Xerxes
1216 3414 1373 3492 quattuor

193 3493 359 3559 mensibus
383 3491 576 3576 confecerat,
598 3493 669 3576 ipse
692 3495 864 3559 transierit
884 3495 1021 3580 triginta
1044 3496 1167 3563 diebus.
1204 3495 1287 3563 Oum
1306 3500 1371 3565 iam

191 3581 279 3647 haud
302 3582 351 3647 ita
369 3582 466 3668 longe
486 3582 616 3646 abesset
639 3605 659 3646 a
676 3582 910 3668 Peloponneso,
930 3584 1088 3650 obsistere
1112 3586 1142 3650 ei
1163 3587 1273 3651 eonati
1296 3595 1373 3653 sunt

192 3669 412 3735 Athenienses
436 3673 469 3735 et
491 3670 621 3736 Boeotii
644 3672 806 3756 ceterique
829 3694 940 3737 eorum
964 3674 1044 3740 socii
1067 3674 1152 3758 apud
1172 3673 1370 3743 Coroneam:

229 3897 251 3965 8)
270 3896 365 3967 Nepos
395 3899 446 3953 hat
478 3897 629 3954 besonders
656 3895 756 3952 casea
810 3898 1005 3970 Besataungen
1044 3899 1072 3955 in
1106 3901 1161 3956 den
1192 3901 1370 3959 kleinasiati-

191 3966 410 4037 Unh'lgsamkeit
445 3970 485 4024 im
516 3970 601 4024 Jahre
631 3974 665 4022 49
698 3969 756 4023 und
810 3971 895 4025 seben
905 3970 1158 4027 Grieohensttdten
1172 3974 1371 4031 aurtclrlassen

191 4039 241 4092 des
261 4039 400 4094 Antonius
418 4038 698 4109 Eigenmtehtigkeit
715 4038 756 4094 im
809 4041 922 4098 musste.
955 4042 1019 4097 Und
1036 4042 1132 4098 hieran
1144 4046 1324 4101 verwendete
1342 4064 1372 4102 er

190 4109 275 4165 Jahre
293 4116 329 4164 44
352 4109 392 4164 im
411 4110 500 4181 Auge.
537 4109 638 4166 Beides
660 4109 755 4166 ftihrte
809 4112 894 4168 meist
916 4112 993 4168 seina
1010 4112 1183 4181 Veteranen‚
1205 4116 1272 4171 weil
1294 4117 1371 4173 diere

192 4197 226 4234 au
245 4179 478 4251 Btrgerlrriagen.
606 4199 609 4204 ·
810 4184 871 4238 sich
884 4184 1102 4254 weniggeneigt
1116 4186 1157 4240 zei
1207 4203 1235 4256 n,
1245 4186 1303 4243 den
1313 4189 1371 4244 bis-

808 4253 926 4323 harigen
952 4254 1159 4326 Kriegssehaup
1172 4258 1217 4311 ata
1249 4275 1284 4313 zu
1311 4276 1371 4315 var·

229 4320 251 4390 9)
271 4319 324 4376 Die
351 4337 423 4375 neue
450 4320 580 4391 Rtistung
605 4341 664 4379 war
689 4325 754 4378 not
808 4325 903 4379 lusson
925 4326 983 4380 und
1006 4342 1097 4396 gagen
1119 4328 1180 4382 ihre
1199 4326 1370 4386 Landsleute

192 4390 321 4461 wendig‚
364 4390 427 4445 weil
468 4391 617 4461 Agesilaus
659 4394 754 4449 starke
808 4394 838 4450 in
857 4395 907 4451 der
925 4395 1039 4452 Heimat
1056 4416 1090 4452 au
1107 4397 1251 4468 ktmpfen.
