2959 4759
188 223 230 288 10
550 223 585 280 11.
609 223 896 280 THEMISTOCLES.
922 229 946 280 7.
962 231 988 280 8.

152 402 166 450 1
274 385 349 453 VIL
386 385 625 452 Themistocles
649 390 769 467 autem,
791 392 829 453 ut
849 386 1123 453 Lacedaemonem
1146 386 1252 470 venit,
1276 388 1370 453 adire

185 475 226 541 ad
255 477 467 561 magistratus
495 476 602 541 noluit
630 480 662 541 et
689 476 778 541 dedit
806 498 954 562 operam,
981 480 1019 541 ut
1045 498 1143 560 quam
1170 476 1369 562 longissime

185 568 316 649 tempus
344 565 489 648 duceret,
517 586 648 630 causam
680 566 891 651 interponens
925 587 970 631 se
992 565 1136 651 collegas
1168 570 1370 650 exspectare.

151 669 168 718 a
187 651 270 719 Cum
289 653 535 719 Lacedaemonii
555 658 764 738 quererentur
782 675 864 738 opus
882 654 987 719 nihilo
1007 655 1114 719 minus
1137 653 1209 719 fieri
1227 676 1366 739 eumque

186 744 222 808 in
244 764 283 808 ea
304 764 339 807 re
368 742 478 808 conari
507 742 636 828 fallere,
664 743 796 808 interim
818 743 937 827 reliqui
964 743 1066 828 legati
1090 746 1166 808 sunt
1189 744 1365 809 consecuti.

186 831 356 916 aquibus
380 854 454 897 cum
477 831 622 896 audisset
648 853 715 896 non
744 833 882 896 multum
906 854 1074 917 superesse
1097 832 1300 912 munitionis,
1323 832 1365 898 ad

186 920 325 1005 ephoros
345 919 676 986 Lacedaemoniorum
700 917 893 1008 accessit10),
915 942 1014 1004 penes
1038 942 1119 1006 quos
1143 943 1271 987 summa
1294 925 1364 987 erat

185 1013 347 1094 potestas,
375 1014 472 1094 atque
501 1009 586 1094 apud
614 1031 670 1074 eos
693 1009 861 1074 contendit
886 1008 973 1074 falsa
1001 1008 1113 1095 illisu)
1141 1031 1212 1075 esse
1240 1010 1364 1075 delata:

187 1120 285 1183 quare
313 1120 452 1182 aequum
480 1119 550 1162 esse
579 1099 666 1164 viros
692 1099 797 1163 bonos
825 1098 1014 1182 nobilesque
1046 1099 1188 1184 mittere,
1211 1100 1267 1184 qui
1294 1122 1365 1164 rem

151 1206 167 1254 a
187 1187 410 1271 explorarent:
432 1188 557 1253 interea
575 1208 610 1252 se
629 1187 778 1252 obsidem
800 1187 987 1252 retinerent
1019 1185 1138 1253 Gestus
1158 1191 1207 1253 est
1230 1188 1261 1252 ei
1284 1211 1365 1273 mos,

186 1280 317 1360 tresque
340 1276 442 1363 legati
465 1275 570 1341 functi
593 1276 727 1341 summis
745 1273 971 1363 honoribusll)
994 1277 1142 1341 Athenas
1165 1276 1258 1342 missi
1278 1281 1366 1344 sunt.

188 1363 271 1430 (lum
299 1365 351 1429 his
381 1365 522 1450 collegas
546 1361 669 1451 euos¹³)
692 1365 928 1430 Themistocles
951 1364 1049 1430 iussit
1074 1366 1236 1450 proficisci
1259 1366 1365 1450 iisque

187 1453 362 1538 praedixit,
389 1458 427 1517 ut
453 1475 495 1517 ne
521 1454 612 1538 prius
640 1453 971 1519 Lacedaemoniorum
999 1455 1125 1539 legatos
1153 1455 1364 1539 dimitterent,

150 1559 285 1627 aquam
307 1542 486 1626 ipseesset
508 1543 670 1609 remissus.
716 1541 894 1627 Postquam
920 1543 1069 1608 Athenas
1093 1565 1148 1608 eos
1177 1544 1366 1628 pervenisse

187 1637 279 1696 ratus
303 1634 366 1715 est,
390 1631 431 1696 ad
453 1631 668 1716 magistratus
692 1636 905 1716 senatumque
926 1630 1256 1697 Lacedaemoniorum
1285 1633 1367 1698 adiit

188 1725 220 1786 et
244 1720 329 1804 apud
354 1741 409 1785 eos
432 1719 597 1785 liberrime
620 1720 787 1804 professus
810 1723 874 1786 est:
898 1741 957 1786 suo
981 1721 1118 1786 consilio
1138 1718 1366 1807 Athenienses,

187 1809 274 1894 quod
298 1809 461 1875 communi
480 1809 549 1874 iure
573 1810 722 1894 gentium
744 1809 853 1875 facere
875 1809 998 1895 liceret,
1020 1809 1096 1875 deos
1117 1832 1192 1876 suos
1215 1811 1365 1894 publicos

187 1901 286 1982 atque
304 1894 486 1986 patriosss),
505 1919 570 1983 quo
589 1897 716 1963 facilius
735 1898 777 1962 ab
795 1898 891 1963 hoste
909 1903 1046 1983 possent
1063 1898 1243 1985 defendere,
1261 1901 1365 1965 muris

187 1987 347 2072 saepsisse
364 2009 469 2072 neque
488 1985 523 2052 in
541 2009 579 2052 eo
598 1986 684 2070 quod
707 1986 825 2051 inutile
843 1992 930 2052 esset
949 1986 1105 2053 Graeciae
1123 1988 1248 2055 fecisse.
1279 1987 1364 2054 Nam

115 2153 117 2157 ,
151 2090 167 2140 a
187 2075 320 2141 illorum
334 2077 448 2141 urbem
463 2080 501 2141 ut
513 2077 795 2161 propugnaculum
813 2076 963 2142 barbaris
981 2097 1051 2142 esse
1065 2078 1261 2162 oppositam,
1279 2077 1366 2162 apud

188 2187 286 2249 quarn
308 2166 374 2230 iam
397 2165 449 2229 bis
472 2165 593 2230 classes
616 2166 724 2250 regias
752 2164 868 2230 fecisse
891 2165 1101 2250 naufragium
1109 2162 1159 2253 15).
1203 2165 1365 2232 Lacedae·

152 2271 169 2319 6
187 2255 315 2320 monios
335 2257 445 2320 autem
463 2254 550 2319 male
569 2257 602 2318 et
619 2254 739 2319 iniuste
757 2254 873 2339 facere,
892 2254 947 2338 qui
965 2255 999 2319 id
1020 2255 1131 2338 potius
1149 2254 1365 2340 intuerentur,

187 2343 274 2427 quod
296 2345 442 2429 ipsorum
467 2342 683 2408 dominationi
701 2364 798 2427 quam
818 2343 903 2427 quod
921 2343 1093 2409 universae
1108 2342 1265 2410 Graeciae
1283 2345 1364 2410 utile

187 2435 284 2498 esset.
330 2431 449 2513 Quare,
474 2432 503 2496 si
526 2453 602 2497 euos
626 2431 752 2513 legatos
775 2432 918 2515 recipere
941 2432 1071 2517 vellent,
1093 2453 1128 2497 se
1150 2434 1365 2519 remitterent,

187 2542 262 2585 cum
285 2520 382 2585 aliter
404 2521 480 2585 illos
503 2541 682 2605 numquam
705 2520 741 2584 iu
763 2522 907 2605 patriam
930 2525 1041 2586 essent
1062 2522 1231 2605 recepturi.

154 2625 169 2673 1
277 2608 367 2674 VlII.
398 2609 523 2674 Tamen
544 2630 612 2674 non
635 2609 750 2693 effugit
768 2609 886 2674 civium
910 2631 1042 2675 suorum
1064 2609 1230 2675 invidiam.
1262 2609 1366 2676 Nam-

188 2719 250 2781 que
274 2698 316 2764 ob
340 2697 478 2763 eundem
500 2696 668 2782 timorem,
691 2719 756 2781 quo
780 2697 953 2763 damnatus
977 2703 1047 2763 erat
1068 2697 1242 2780 Miltiades,
1264 2703 1365 2764 testu-

187 2788 292 2852 larum
320 2787 484 2870 euffragiis
512 2807 530 2850 e
559 2785 693 2851 civitate
721 2786 841 2852 eiectus
870 2787 978 2873 Argos
1006 2787 1190 2851 habitatum
1225 2788 1268 2867 [a.
1281 2789 1363 2868 476]

152 2876 356 2942 aconcessit.
392 2874 445 2939 Ibi
464 2897 537 2940 cum
556 2878 691 2959 propter
714 2875 836 2940 multas
855 2880 888 2940 et
913 2875 1061 2961 egregias
1082 2875 1221 2939 virtutes
1243 2896 1366 2960 magna

187 2987 260 3031 cum
284 2964 445 3050 dignitate
467 2963 605 3047 viveret,
627 2962 876 3030 Lacedaemonii
898 2966 1025 3050 legatos
1048 2963 1196 3029 Athenas
1221 2966 1266 3046 [a.
1283 2966 1364 3048 473]

186 3055 355 3139 miserunt,
379 3054 435 3138 qui
458 3076 532 3119 eum
555 3053 725 3118 absentem
749 3057 947 3132 accusarent,
970 3052 1056 3137 quod
1080 3054 1272 3119 societatem
1291 3076 1365 3121 cum

186 3164 263 3229 rege
285 3143 384 3209 Perse
407 3142 448 3207 ad
471 3141 641 3208 Graeciam
670 3142 916 3226 opprimendam
944 3142 1085 3207 fecisset
1130 3142 1202 3208 Hoc
1230 3144 1365 3209 crimine

150 3251 167 3300 3
186 3234 304 3298 absens
328 3233 502 3298 damnatus
526 3235 584 3297 est.
620 3230 659 3295 Id
681 3235 719 3296 ut
738 3231 871 3315 audivit,
895 3229 982 3313 quod
999 3251 1066 3295 non
1090 3231 1171 3295 satis
1195 3235 1304 3296 tutum
1329 3254 1363 3298 se

225 3408 258 3478 ¹⁰)
277 3406 359 3461 Anm.
378 3424 413 3460 zu
430 3404 503 3460 Milt.
522 3406 543 3470 Ι,
562 3411 588 3460 4.
802 3422 856 3460 nur
872 3402 1006 3472 privatim
1024 3403 1138 3458 verehrt
1157 3403 1281 3475 wurden,
1299 3405 1365 3462 teila
1469 3429 1472 3434 ⁴

225 3478 259 3548 ¹¹)
277 3477 366 3532 Nicht
390 3476 440 3531 auf
456 3476 503 3530 die
521 3476 666 3559 Ephoren‚
686 3491 749 3531 son·
803 3491 859 3530 von
882 3472 1027 3529 einzelnen
1044 3473 1195 3544 Familien,
1219 3475 1286 3531 teile
1309 3493 1365 3532 ron

186 3552 255 3605 dern
274 3547 325 3604 aui
341 3547 556 3602 Lacedaemonir
574 3546 731 3615 bezuglich.
803 3545 941 3616 gewissen
965 3543 1196 3616 Geschlechtern,
1219 3547 1286 3603 teila
1309 3566 1365 3604 ven

225 3620 259 3689 ¹¹)
292 3619 346 3674 uin
377 3617 533 3673 rbmiechcr
565 3617 673 3688 Begriff
701 3615 753 3672 auf
804 3617 879 3671 allen
888 3614 1039 3673 Athenern.
1059 3616 1144 3673 Diese
1157 3617 1365 3690 θεοὶπατρῷοι

186 3687 747 3763 griechischellerhaltnieeeubertragen.
802 3687 912 3743 heifsen
947 3686 1098 3743 lateinisch
1130 3690 1203 3744 auch
1237 3696 1364 3759 penates.

187 3762 278 3816 Einen
291 3749 455 3816 hmteradel
473 3761 530 3830 gab
549 3777 579 3815 ee
597 3760 628 3815 in
647 3759 750 3831 Sparta
804 3760 860 3814 Der
873 3757 975 3813 Kultus
990 3759 1040 3814 der
1058 3760 1098 3815 dii
1112 3760 1219 3831 publici
1236 3777 1295 3815 war
1308 3777 1364 3815 von

186 3832 275 3888 nicht.
804 3830 900 3885 Stante
918 3846 1018 3899 wegen
1038 3832 1184 3902 geordnet.
1221 3831 1285 3903 Vgl.
1306 3833 1363 3888 Cic.

226 3903 259 3972 ¹³)
283 3901 363 3957 Naeh
382 3903 508 3973 Thucyd.
527 3902 641 3958 blieben
665 3901 749 3957 beide
803 3900 876 3956 Phil.
895 3901 930 3955 II.
949 3907 965 3968 g
984 3908 1026 3957 75.

186 3972 379 4044 Mitgesandte
389 3972 439 4028 des
450 3973 587 4029 Themist.
597 3974 627 4029 in
635 3974 747 4044 Sparta.
843 3963 1362 4042 ¹⁶)Einerhetcrischellbertreibung.

186 4043 248 4100 Den
284 4045 433 4114 gebeimen
459 4045 581 4114 Austrag
616 4043 681 4099 liele
719 4061 751 4099 er
803 4041 860 4098 Der
885 4043 1033 4098 Ausdruck
1059 4043 1135 4112 palat
1161 4060 1214 4097 nur
1242 4045 1294 4098 auf
1318 4045 1363 4099 die
1468 4051 1474 4060 ’

187 4114 276 4171 durch
294 4115 375 4171 einen
393 4116 483 4171 Boten
500 4117 573 4171 nach
587 4117 682 4171 Athen
699 4131 749 4184 ge·
805 4112 941 4169 Schlacht
962 4113 1009 4168 bei
1032 4113 1167 4181 Salamis,
1189 4114 1258 4168 aber
1284 4115 1364 4170 nicht

186 4184 311 4311 imponi,
328 4256 377 4312 cru
408 4256 471 4312 una
503 4258 565 4313 mer
595 4257 676 4312 nicht
703 4254 749 4311 ue
803 4182 1363 4321 fbltlftnfltftllt‘fatfttlft

188 4258 440 4410 vateiltniliecben
455 4331 577 4384 sondern
589 4328 629 4383 im
639 4326 755 4408 Gegenz
802 4342 858 4380 von
883 4325 933 4381 der
955 4273 1153 4405 phaleriecLen
1175 4324 1269 4380 Bucht
1288 4328 1363 4383 nach

188 4402 264 4455 eatae
288 4418 321 4454 au
343 4399 451 4470 pubhci
474 4399 520 4454 die
544 4398 682 4471 πατρῷοι,
701 4396 749 4450 dre
804 4397 855 4450 der
872 4395 1118 4451 marathomechen
1136 4395 1279 4452 Schlacht.
