2959 4759
321 1141 656 1227 PRAEFATIO
694 1137 1051 1227 SORIPTORIS.

187 1364 263 1431 Non
287 1364 401 1429 dubito
425 1363 494 1429 fore
518 1360 735 1449 plerosque1),
764 1363 883 1445 Attice,
906 1365 963 1448 qui
985 1363 1047 1428 boc
1071 1384 1174 1448 genus
1198 1365 1308 1429 scri-1

94 1459 215 1541 pturae
234 1456 305 1519 leve
322 1457 355 1518 et
372 1475 439 1518 non
458 1454 538 1518 satis
558 1453 692 1538 dignum
711 1473 912 1516 summorum
931 1454 1075 1518 virorum
1093 1450 1275 1538 personis²)

94 1546 256 1626 iudicent,
279 1565 351 1607 aum
375 1542 514 1606 relatum
537 1543 661 1627 legent,
690 1539 763 1626 quis
791 1541 948 1605 musicam
977 1541 1121 1607 docuerit
1142 1540 1274 1626 Epami-

93 1633 253 1712 nondam,
282 1635 338 1696 aut
370 1631 403 1694 in
437 1631 505 1695 eius
533 1630 709 1695 virtutibus
741 1630 1002 1715 commemorari,
1030 1630 1167 1695 saltasse
1200 1654 1274 1696 eum

93 1721 265 1789 commode
295 1721 496 1803 scienterque
524 1719 615 1783 tibiis
643 1723 800 1783 cantasse.
848 1716 912 1783 Sed
938 1718 963 1782 ii
992 1724 1088 1783 erunt
1113 1720 1194 1802 fare,
1218 1720 1309 1805 quia

93 1814 247 1896 expertes
265 1810 447 1873 litterarum
467 1808 664 1873 Graecarum
682 1807 765 1871 nihil
786 1811 920 1890 reatum,
939 1807 1004 1872 nisi
1023 1807 1109 1893 quod
1128 1809 1274 1892 ipsorum

93 1899 244 1965 moribus
277 1898 461 1982 conveniat,
493 1898 665 1981 putabunt.
711 1896 775 1973 Qui
803 1895 831 1960 si
859 1895 1031 1961 didicerint
1062 1918 1129 1961 non
1162 1898 1309 1963 eadems

94 1989 249 2055 omnibus
278 2009 348 2051 esse
375 1987 517 2051 honesta
544 1989 639 2070 atque
667 1985 790 2070 turpia,
814 1984 870 2049 sed
899 1986 1009 2049 omnia
1039 1986 1198 2050 maiorum
1225 1986 1274 2050 in·

94 2077 223 2142 stitutis
248 2076 398 2160 iudicari,
421 2097 487 2141 non
511 2075 761 2140 admirabuntur
783 2096 843 2138 nos
867 2073 901 2137 in
925 2073 1123 2139 Graecorum
1145 2075 1274 2140 virtuti-

93 2167 158 2230 bus
184 2164 382 2250 exponendis
403 2185 509 2229 mores
530 2186 640 2229 eorum
660 2167 797 2228 secutos.
824 2161 938 2246 Neque
957 2163 1042 2227 enim
1063 2160 1193 2228 Cimoni
1211 2164 1275 2228 fuit
1293 2180 1311 2227 4

94 2259 204 2339 turpe,
227 2254 478 2318 Atheniensium
502 2275 628 2318 summo
647 2253 725 2337 viro,
746 2273 890 2316 sororem
909 2249 1129 2338 germanaml)
1153 2253 1274 2317 habere

95 2345 133 2407 in
165 2343 392 2427 matrimonio,
420 2341 538 2427 quippe
566 2364 639 2407 aum
667 2342 751 2406 aives
782 2341 850 2404 eius
880 2340 993 2405 eodem
1026 2344 1195 2406 uterentur
1226 2342 1274 2405 in·

94 2432 156 2497 stit
141 2436 222 2497 t.uto
264 2429 312 2495 At
334 2431 368 2494 id
391 2430 520 2514 quidem
543 2434 618 2496 nost
604 2431 664 2495 tris
694 2430 839 2495 moribus
862 2428 953 2494 nefas
980 2429 1081 2494 habet
1066 2433 1129 2495 t.ur
1171 2429 1274 2495 Laudi

94 2522 131 2585 in
154 2518 254 2586 Creta
277 2519 404 2590 ducitur
432 2519 680 2585 adulescentulis
704 2541 801 2603 quam
825 2519 982 2602 plurimos
1008 2519 1163 2583 habuisse
1187 2542 1275 2584 ama-

94 2614 194 2676 tores.
240 2606 341 2674 Nulla
369 2608 601 2673 Lacedaemoni
628 2608 726 2672 vidua
753 2612 822 2672 tam
850 2612 901 2672 est
931 2607 1066 2692 nobilis,
1094 2629 1177 2692 quae
1206 2631 1272 2674 non

98 2699 138 2763 ad
161 2720 276 2763 canam
300 2700 354 2761 eat
377 2694 601 2785 condictam4).
638 2696 801 2798 Magnis
792 2719 827 2759 ιιι
849 2696 1074 2761 laudibust
1023 2700 1095 2762 tota
1117 2697 1184 2761 fere
1207 2697 1272 2762 fuit
1292 2713 1308 2761 5

97 2784 266 2870 Graecia5)
295 2786 363 2850 vict
364 2807 452 2851 orem
476 2786 646 2871 Olympiae
674 2784 814 2888 citari,
804 2808 839 2848 ιιι
864 2807 1015 2851 scaenam
1037 2808 1113 2851 vera
1142 2786 1272 2870 prodire

95 2898 135 2941 aa
158 2877 278 2959 populo
303 2896 373 2939 esse
403 2877 587 2959 spectaculo
611 2874 732 2940 nemini
755 2875 789 2937 in
812 2874 915 2939 isdem
939 2879 1018 2959 gent
1003 2875 1091 2940 tibus
1119 2875 1182 2940 fuit
1204 2879 1273 2939 tur-

97 2965 247 3047 pitudini.
276 2962 365 3039 Quae
385 2965 495 3029 omnia
514 2964 599 3048 apud
617 2985 677 3028 nos
697 2963 818 3046 partim
836 2962 980 3047 infamia,
998 2965 1118 3048 partim
1134 2963 1273 3028 humilia

98 3055 197 3136 atque
230 3053 271 3116 ab
303 3052 472 3117 honestate
507 3055 632 3120 remota
667 3053 842 3135 ponuntur.
889 3048 1012 3115 Contra
1043 3061 1082 3116 ea'
1118 3053 1308 3135 pleraqueo

97 3140 223 3208 nostris
246 3142 390 3206 moribus
416 3144 492 3205 sunt
516 3139 640 3223 decora,
664 3161 747 3223 quae
771 3137 856 3223 apud
879 3139 954 3204 illos
973 3141 1084 3223 turpia
1106 3143 1271 3223 putantur.

97 3229 200 3305 Quem
230 3230 316 3294 enim
338 3229 559 3296 Romanorum
582 3228 682 3310 pudet
704 3249 839 3292 uxorem
862 3227 977 3293 ducere
1004 3230 1039 3293 in
1062 3229 1273 3297 convivium?

98 3322 156 3382 aut
179 3320 270 3384 auius
294 3341 362 3383 non
384 3323 490 3384 mater
512 3318 652 3383 familias
675 3318 816 3400 primum
834 3317 942 3382 locum
960 3320 1050 3382 tenet
1074 3317 1201 3383 aedium
1225 3323 1272 3383 at

99 3428 160 3490 quc
182 3409 216 3471 in
239 3407 426 3472 celebritate
449 3407 620 3473 versatur?
655 3406 747 3482 Quod
771 3406 873 3471 multo
897 3407 935 3470 fit
954 3406 1050 3472 aliter
1072 3409 1105 3472 in
1126 3407 1306 3473 Graecia.7

23 3575 24 3578 Ἴ
98 3492 185 3560 Nam
206 3519 310 3581 neque
333 3498 368 3561 in
390 3498 572 3562 convivium
596 3496 769 3561 adhibetur
790 3495 853 3560 nisi
875 3495 1141 3581 propinquorum,
1164 3518 1270 3581 neque

99 3584 191 3649 sedet
208 3585 273 3649 nisi
292 3586 327 3650 in
344 3587 496 3651 interiore
516 3589 608 3670 parte
629 3584 766 3668 aedium,
784 3606 866 3668 quae
885 3587 1109 3669 gynaeconitis
1129 3585 1271 3671 appella-

96 3678 164 3753 tur,
189 3696 252 3759 quo
280 3696 377 3739 nemo
401 3676 524 3740 accedit
550 3675 614 3740 nisi
637 3674 824 3759 propinqua
847 3674 1041 3795 cognatione
1069 3675 1272 3740 coniunctus.
1292 3690 1308 3739 8

135 3866 156 3936 ¹)
185 3864 281 3935 Nepos
309 3865 361 3918 hat
383 3866 457 3919 nach
481 3882 538 3920 ιιοιι
561 3866 660 3922 dubito
715 3865 827 3922 etlaabt
849 3883 920 3934 war,
943 3867 1031 3921 sehon
1054 3865 1106 3921 wir
1128 3883 1179 3921 aus
1202 3867 1276 3923 Dion

20 3941 23 3966 '¹
96 3936 180 3991 fast
172 3953 274 3991 immet
293 3938 348 3991 den
367 3952 460 4017 acac
480 3934 568 4006 infin,
587 3938 661 3992 doch
715 3939 741 4007 I,
762 3942 786 3989 1.

96 4007 253 4078 einigamal
276 4008 350 4062 anah
373 4005 454 4076 quin,
477 4026 500 4063 a.
519 4009 550 4063 B.
569 4009 659 4064 Hann.
751 4009 773 4077 4)
801 4005 877 4062 (lena
899 4006 1031 4063 condicta
999 4009 1095 4063 tist
1118 4010 1164 4064 ein
1186 4009 1276 4077 Mam,

96 4078 145 4146 XI,
164 4083 191 4134 2
228 4077 292 4148 Vgl
311 4078 403 4133 Hann.
421 4077 458 4147 ΙΙ,
476 4085 500 4135 6.
714 4097 748 4133 ιιι
772 4079 835 4134 dam
853 4077 1050 4149 Einladungen
1073 4080 1207 4151 ergehen,
1227 4083 1276 4135 ein

135 4149 156 4219 ²)
185 4150 311 4205 Persona
329 4150 376 4205 die
394 4121 490 4218 Ralla,
514 4149 560 4204 die
584 4151 661 4206 einer
714 4149 918 4206 verabradetes

98 4219 191 4289 spielt.
752 4222 774 4291 ⁶)
792 4222 860 4276 Hier
874 4220 1042 4289 allgemeine
1057 4220 1137 4277 Sitte.
1156 4223 1276 4291 Vorher,

137 4290 159 4358 ³)
186 4293 270 4348 Anm
297 4310 331 4346 zu
358 4290 505 4362 CimcnI,
529 4298 554 4351 2.
590 4292 659 4348 Dass
713 4309 772 4348 was
780 4292 1038 4362 emaelnengrieab
1041 4265 1276 4349 thkeracbafteii

19 4423 21 4430 ‚
98 4360 160 4458 dies
178 4362 312 4433 fibrigans
332 4363 412 4419 nicht
429 4335 532 4421 blosi
523 4384 554 4420 ιιι
566 4365 661 4420 Athen
714 4363 1274 4456 mehrodeiwenigereigentdmliahwar.

154 4459 287 4515 Omma,
301 4461 345 4503 001
346 4462 420 4504 nolim
434 4466 518 4514 Nepos,
1047 4458 1061 4505 1
