2959 4759
208 214 252 280 80
613 212 699 269 xxu.
726 211 927 267 1111111111.
951 218 975 268 e.

171 395 188 442 n
211 400 292 461 mus,
315 376 453 443 dictator
472 374 646 459 Romanm,
669 375 704 439 in
724 396 803 460 agro
823 374 959 441 Falerno
983 375 1012 439 ei
1036 397 1069 440 se
1094 374 1220 441 obiecit
1257 376 1303 439 At
1324 375 1383 439 ille

206 467 335 531 clausus
353 466 500 531 locorum
523 463 683 549 angustiis
702 468 801 530 noctu
821 464 890 528 sine
909 464 977 529 ullo
1002 464 1195 529 detrimento
1219 464 1382 529 exercitus

205 577 240 620 se
268 555 431 639 expedivit
458 553 637 638 Fabioque,
670 552 881 622 callidissimo
914 553 1118 637 imperatori,
1150 553 1248 618 verba
1281 552 1387 617 dedit.

205 642 355 729 Namque
374 643 514 709 obducta
536 645 632 707 nocte
656 645 821 707 sarmenta
842 642 878 706 in
901 642 1052 707 cornibus
1071 643 1278 707 iuvencorum
1301 641 1384 706 deli·

206 735 285 817 gata
311 731 456 797 incendit
484 732 616 816 eiusque
640 731 766 815 generis
795 731 1034 796 multitudinem
1060 751 1215 815 magnam
1238 729 1384 813 dispala-

206 826 274 885 tam
297 820 442 886 immisit
488 819 559 896 Quo
583 819 752 903 repentino
776 819 905 884 obiectu
933 824 1064 884 tantum
1086 824 1244 884 terrorem
1268 818 1386 897 iniecit

205 910 359 975 exercitui
381 908 620 992 Romanorum,
646 912 684 973 ut
714 908 825 993 egredi
854 912 946 973 extra
968 908 1091 974 vallum
1118 925 1214 973 nemo
1239 908 1384 974 auderet.

170 998 298 1064 3Hanc
326 1002 402 1083 post
429 1019 498 1062 rem
526 1000 654 1083 gestam
681 1018 749 1062 non
775 996 823 1062 ita
851 997 963 1061 multis
991 997 1104 1062 diebus
1134 995 1176 1063 M
1205 995 1385 1062 Minucium

207 1087 334 1170 Rufum,
352 1087 548 1171 magistrum
567 1087 713 1171 equitum
731 1086 804 1171 pari
822 1107 860 1150 ac
878 1084 1070 1151 dictatorem
1088 1085 1223 1169 imperio
1233 1081 1282 1170 ¹³),
1306 1084 1383 1151 dolo

170 1176 399 1260 lproductum
435 1176 470 1240 in
501 1175 659 1258 proelium
695 1174 831 1259 fugavit.
886 1173 984 1240 Anno
1016 1174 1199 1258 insequenti
1233 1175 1276 1254 [a
1299 1174 1384 1255 216]

206 1264 248 1330 ad
271 1263 416 1346 Cannas,
443 1264 500 1348 qui
523 1267 572 1328 est
594 1264 685 1342 uicus
707 1264 741 1328 in
765 1262 898 1347 Apulia,
931 1263 1062 1328 obviem
1085 1262 1115 1327 ei
1137 1266 1294 1327 venerunt
1319 1262 1385 1328 duo

206 1355 369 1435 consules,
401 1351 435 1419 O.
460 1352 630 1417 Terentius
658 1355 691 1415 et
719 1351 755 1416 L.
780 1352 948 1418 Aemilius.
993 1351 1174 1436 Utriusque
1207 1352 1389 1417 exercitum
1430 1425 1436 1432 ,

205 1463 270 1507 uno
293 1441 418 1526 proelio
442 1441 579 1526 fugavit,
597 1440 734 1519 Paulum
758 1433 924 1505 con‘snlem
948 1439 1066 1506 occidit
1091 1444 1125 1505 et
1144 1439 1268 1524 aliquot
1290 1461 1388 1524 prae-

205 1534 295 1595 terea
318 1530 516 1613 consulares,
539 1529 637 1593 iniis
659 1525 1109 1612 OuServiliumGemiuum,
1133 1528 1191 1614 qui
1216 1527 1386 1611 superiore

170 1632 292 1683 canno
328 1618 435 1683 fuerat
470 1618 592 1683 consul.
651 1616 788 1700 Aliquot
825 1618 918 1681 annis
954 1614 1076 1702 postu)
1113 1613 1252 1682 Romam
1289 1617 1385 1682 nullo

206 1707 379 1772 resistente
406 1706 569 1791 profectus
597 1706 631 1769 in
657 1705 849 1791 propinquis
872 1706 945 1770 urbi
977 1705 1142 1770 montibus
1165 1726 1286 1788 paucos
1310 1706 1383 1771 dies

172 1812 188 1862 6
207 1800 315 1861 castra
333 1795 457 1877 habuit,
471 1794 584 1859 urbem
598 1794 705 1877 ipsam
722 1815 790 1858 non
809 1801 859 1858 est
878 1814 1060 1879 aggressus.
1093 1794 1141 1857 Ti.
1153 1790 1386 1877 Sempronium

207 1884 401 1966 Gracchum,
428 1880 525 1969 bis1⁶)
552 1883 732 1965 consulem,
755 1883 788 1947 in
813 1882 967 1967 Lucanis,
990 1883 1060 1967 ipse
1084 1882 1210 1962 absens,
1235 1883 1384 1964 [1212]

207 1975 241 2037 in
277 1973 411 2038 insidias
430 1972 615 2037 vinductum
652 1967 844 2056 1111111111).
897 1970 941 2035 M.
973 1969 1145 2036 Claudium
1177 1969 1384 2052 Marcellum,

206 2061 357 2146 quintum
380 2061 561 2143 consulem,
583 2060 668 2145 apud
692 2057 870 2124 Venusiam
893 2060 1085 2143 parimodo
1108 2060 1208 2124 inter·
1231 2061 1273 2140 [a.
1297 2059 1384 2142 208]

172 2151 293 2217 eiecit.
340 2147 402 2215 Sed
425 2150 559 2233 longum
587 2156 638 2214 est
661 2149 770 2214 omnia
793 2169 981 2214 enumcrare
1004 2149 1138 2232 proelia.
1183 2146 1294 2213 Unum
1315 2148 1386 2216 hoc

142 2313 145 2320 ,
207 2239 287 2304 satis
317 2239 379 2303 erit
405 2238 538 2322 dixisse,
562 2259 602 2301 ex
625 2258 687 2321 quo
711 2237 858 2322 intellegi
881 2238 999 2321 possit,
1025 2240 1165 2321 quantus
1188 2237 1243 2301 1111
1267 2237 1387 2302 luerit:

207 2327 359 2413 quamdiu
387 2328 422 2391 in
443 2325 542 2391 Italia
565 2325 643 2409 fuit,
670 2346 766 2390 nemo
790 2326 820 2389 ei
843 2327 878 2390 in
902 2329 969 2391 acie
992 2325 1128 2409 restitit,
1158 2346 1196 2390 ac
1218 2325 1274 2390 vix
1297 2326 1387 2410 quis-

207 2437 305 2500 quam
328 2414 480 2480 adversus
504 2436 578 2480 enm
601 2418 676 2498 post
695 2411 898 2480 Cannensem
921 2435 1066 2500 pugnam
1084 2415 1119 2478 in
1138 2435 1254 2499 campo
1272 2419 1386 2482 castra

173 2506 352 2658 1Ρο8ω11.
382 2590 527 2656 Invictus
554 2591 656 2676 igitur
679 2590 844 2656 Hannibal
871 2591 1011 2674 patriam
1036 2591 1200 2655 defensum
1231 2591 1381 2673 [11203]

206 2684 378 2745 revocatus
411 2680 531 2744 bellum
564 2682 668 2764 gessit
697 2679 850 2744 adversus
882 2678 915 2745 P.
945 2677 1140 2763 Scipionem,
1173 2679 1282 2744 lilium-
1309 2679 1381 2746 eius

208 2767 384 2853 Scipionis,
417 2790 512 2852 quem
543 2768 613 2853 ipsc
646 2769 750 2851 primo
783 2768 883 2851 apud
902 2767 1110 2846 Rhodanum,
1141 2768 1258 2833 iterum
1291 2768 1382 2851 apud

172 2856 346 2941 2Padum,
374 2858 472 2922 tertio
502 2856 586 2940 apud
609 2856 760 2921 Trebiam
784 2853 969 2941 fugaracfl).
1015 2854 1096 2921 Onm
1125 2856 1187 2922 hoc
1217 2857 1385 2922 exhaustis

207 2946 274 3010 iam
310 2946 433 3030 patriae
470 2945 695 3028 facultatibus,
732 2966 796 3028 quo
833 2945 992 3009 valentior
1029 2948 1144 3027 postea
1176 2967 1250 3010 con·
1287 2944 1384 3027 [202]

208 3033 409 3119 graderetur,
445 3033 479 3098 in
517 3035 701 3117 praesentia
736 3032 860 3098 bellum
891 3053 1082 3116 componere
1115 3034 1248 3118 cupivit
1303 3032 1385 3098 Inde
1453 3033 1455 3038 ’

172 3139 189 3188 3
208 3123 405 3208 colloquium
428 3123 595 3188 convenit:
629 3122 834 3188 condiciones
857 3142 924 3186 non
948 3127 1176 3187 convenerunt.
1223 3120 1387 3186 Postridie

208 3211 293 3295 apud
320 3210 454 3276 Zamam
482 3231 554 3275 oum
583 3211 694 3276 eodem
723 3209 882 3275 conflixit:
912 3210 1024 3294 pulsus
1052 3206 1255 3296 (incredibile
1279 3207 1384 3297 dictu)

207 3300 306 3365 biduo
335 3305 367 3365 et
395 3299 520 3364 duabus
548 3300 697 3364 noctibus
721 3297 957 3362 Hadrumetum
985 3298 1146 3382 pervenit,
1175 3299 1260 3384 quod
1290 3298 1387 3364 abest

172 3404 190 3453 4
209 3389 249 3453 ab
274 3387 373 3453 Zama
396 3388 525 3452 circiter
547 3387 638 3451 milia
662 3408 816 3471 passuum
839 3389 979 3450 centum*
993 3388 1026 3449 et
1047 3386 1295 3472 quinquaginta.
1346 3386 1388 3452 In

211 3499 274 3562 qua
307 3476 385 3561 fuga
412 3497 484 3540 cum
511 3475 741 3540 insidiarentur
768 3475 798 3539 ei
825 3471 998 3558 Numidae,
1030 3475 1086 3560 qui
1112 3476 1210 3540 simul
1241 3498 1315 3541 cum
1346 3498 1384 3542 eo

211 3588 250 3629 ex
272 3566 341 3629 acie
364 3567 581 3647 excesserant,
608 3563 668 3628 hc's
695 3586 762 3630 non
785 3563 890 3627 solum
919 3562 1048 3648 effugit,
1080 3564 1135 3629 sed
1163 3564 1265 3629 etiam
1292 3566 1385 3650 ipsos

250 3808 283 3878 η)
300 3807 358 3862 Aua
376 3806 627 3862 Unzufriedcnheit
649 3805 703 3860 mit
720 3806 770 3860 der
823 3807 882 3861 mal
898 3806 1005 3861 Konsul
1022 3825 1165 3878 gewesem
1185 3809 1314 3878 dagegen
1332 3808 1388 3862 ite·

211 3877 594 3947 vorsichtigenliriegoweisc
608 3876 770 3932 desFabius
823 3896 885 3931 ram
912 3876 1023 3947 consul,
1046 3879 1097 3933 der
1121 3896 1185 3934 num
1209 3879 1389 3934 aweitenmal

210 3950 291 4003 hatte
323 3966 389 4003 man
421 3949 484 4003 dem
507 3949 594 4003 Rufus
627 3948 671 4002 ein
698 3947 770 4001 1111)-
823 3948 931 4002 Konsnl
948 3947 993 4003 ist.
1190 3992 1192 3995 Α

211 4018 304 4074 standi
325 4035 353 4072 cs
371 4018 548 4074 Kommando
566 4019 701 4088 gegeben.
863 4019 895 4089 16)
914 4020 952 4073 Er
968 4019 1032 4074 liefs
1049 4018 1101 4074 ihn
1119 4021 1209 4076 durch
1227 4020 1310 4075 einen
1323 4037 1390 4076 vor-

151 4151 154 4156 ,
249 4037 548 4170 14)11111·Ι)111111111
566 4090 678 4145 machte
696 4089 770 4169 Han·
824 4089 946 4144 nchmen
967 4090 1094 4146 Lucaner
1116 4091 1146 4145 in
1171 4093 1253 4147 einen
1272 4090 1388 4147 Hinter·

210 4160 289 4215 nibal
317 4161 376 4213 eret
398 4176 438 4212 im
457 4161 542 4215 Jahre
561 4165 626 4229 211,
654 4177 701 4214 um
725 4160 771 4214 die
825 4160 1390 4218 11111111111111111111111111.1111111111

212 4232 309 4299 Capua
327 4227 517 4298 balagerndcn
535 4231 638 4286 Romer
655 4248 711 4286 von
734 4230 772 4284 da
825 4230 951 4300 besiegte
974 4232 1155 4303 gleichzeitig
1176 4233 1224 4288 bei
1241 4232 1390 4290 Herdonia

212 4299 392 4355 abauaiehen.
824 4301 855 4355 in
868 4303 990 4370 Apulien
1008 4302 1063 4357 den
1080 4304 1181 4359 Prator
1200 4303 1248 4359 Cn.
1263 4303 1389 4361 Fulvius.

249 4372 285 4441 ¹⁶)
303 4368 351 4424 Bis
366 4367 465 4424 consul
477 4368 516 4423 111
530 4370 615 4441 einer,
627 4373 677 4427 der
690 4371 771 4426 zuei·
864 4372 896 4441 ¹⁷)
915 4370 978 4442 Vgl.
997 4372 1045 4442 IV,
1066 4381 1143 4430 1-2.
