2959 4759
168 205 212 269 42
547 204 621 260 XIII.
648 203 869 260 TIMOTHBUS.
895 210 920 259 3.
940 213 966 260 4.

167 364 289 451 hellel)
313 367 532 433 Athenienses
556 367 694 433 ducenta
715 368 841 432 talenta
864 369 1140 451 consumpserant
1181 366 1268 432 Bam
1291 368 1350 432 ille

169 459 340 540 pecuniam
358 457 479 541 populo
497 456 649 521 restituit.
688 455 768 521 lude
786 456 822 520 in
837 454 1075 521 Chersonesum
1093 455 1183 520 navi·
1207 458 1249 537 [a
1264 456 1345 537 365]

134 561 151 609 e
170 545 261 630 gavit
279 541 537 629 Chrithotenque
555 548 589 609 et
607 542 769 630 Sestum⁴)
793 544 828 609 in
852 544 950 609 fidem
974 544 1105 628 aceepit
1151 543 1236 609 Tum
1259 544 1348 610 bello

170 654 244 698 cum
263 632 429 717 Olynthiis
448 637 599 718 suscepto
622 633 797 699 nonnullas
819 634 855 697 in
879 655 917 699 ea
935 634 1067 718 regione
1085 632 1182 698 urbes
1208 635 1250 714 [a.
1265 634 1346 714 364]

170 723 381 807 expugnavit,
418 721 594 807 eodemque
629 721 699 786 fere
730 726 878 806 ternpore
915 722 1069 787 adversus
1101 719 1281 806 Byzantios
1315 727 1350 786 et

169 807 296 889 Cotum,
319 831 429 895 regem
452 809 639 896 Thraeciae,
663 810 838 894 dimicavit,
861 809 1013 895 Cyzicum
1037 809 1207 875 obsidione
1230 810 1348 875 libera-

168 898 225 963 vit.
271 898 395 975 Quibus
427 898 578 964 omnibus
609 920 649 963 ex
677 899 773 963 bellis
806 898 896 963 mille
927 902 959 963 et
988 899 1126 964 ducenta
1155 899 1282 963 talenta
1311 899 1350 963 in

170 987 336 1071 publicum
358 987 526 1053 rettulisse
549 987 675 1053 dieitur.

134 1092 148 1140 1
257 1075 317 1140 ΙΠ.
350 1074 412 1141 Sed
444 1097 517 1141 cum
549 1079 635 1141 esset
666 1097 788 1162 magno
815 1079 895 1141 natu
923 1078 956 1139 et
987 1075 1198 1160 magistratus
1233 1096 1349 1161 gerere

171 1163 316 1246 desisset,
338 1164 426 1229 bello
439 1162 657 1229 Athenienses
676 1165 818 1250 undique
840 1165 945 1249 premi
968 1168 1044 1229 suut
1067 1165 1182 1248 coepti
1207 1165 1249 1244 [a.
1263 1165 1346 1245 357]

170 1251 369 1318 Defecerant
385 1252 578 1337 Byzantium
597 1257 631 1318 et
653 1253 781 1319 insulae
799 1253 982 1337 complures
989 1249 1027 1337 ⁶),
1049 1253 1146 1317 simul
1164 1251 1349 1337 Philippus,

171 1342 236 1406 iem
259 1345 330 1406 tum
353 1341 489 1427 validus,
511 1342 615 1405 multa
637 1341 845 1407 moliebatur:
868 1341 920 1407 cui
943 1341 1032 1406 bello
1056 1340 1198 1426 gerendo
1222 1337 1347 1406 Chares

134 1446 244 1494 acum
266 1429 450 1513 praefectus
469 1434 563 1514 esset,
587 1429 753 1495 nonsatis
776 1430 813 1494 in
835 1451 874 1495 eo
892 1429 1046 1513 praesidii
1068 1429 1253 1513 putabatur.
1291 1428 1349 1493 Fit

170 1517 378 1582 Menestheus
400 1521 543 1602 praetor,
566 1518 652 1583 filius
671 1517 860 1603 Iphicratis,
883 1538 983 1602 gener
1005 1517 1179 1603 Timothei,
1202 1520 1244 1598 [a
1263 1517 1346 1598 355]

170 1610 212 1690 et,
234 1609 272 1670 ut
295 1606 335 1670 ad
357 1606 479 1671 bellum
498 1607 733 1690 proficiscatur,
758 1606 950 1672 decernitur.
988 1605 1073 1671 Huic
1096 1607 1243 1691 collegae
1266 1606 1346 1670 dan·

169 1696 223 1758 tur
253 1694 316 1758 duo
345 1716 406 1761 usu
439 1694 662 1779 sapientiaque
692 1698 897 1779 praestantes
930 1695 1008 1779 viri,
1040 1716 1176 1779 quorum
1208 1695 1349 1760 consilio

169 1785 324 1866 uteretur,
347 1787 441 1867 pater
464 1787 498 1847 et
519 1805 618 1866 socer,
641 1783 728 1868 quod
751 1784 786 1847 in
808 1783 862 1849 his
884 1786 979 1848 tanta
1003 1789 1075 1848 erat
1098 1784 1286 1869 auctoritas,
1309 1787 1350 1848 ut

133 1887 288 1956 omagna
311 1892 385 1955 spes
409 1875 495 1936 esset
518 1893 575 1956 per
600 1893 655 1937 eos
679 1873 801 1938 emissa
822 1893 920 1956 posse
947 1872 1138 1956 recuperari.
1185 1871 1249 1948 Qui
1271 1893 1349 1937 cum

168 1959 365 2042 Byzantium
390 1960 620 2025 contenderent
643 1964 678 2024 et
699 1960 812 2024 eodem
831 1958 953 2025 Chares
976 1960 1108 2025 illorum
1132 1960 1273 2025 adventu
1294 1981 1350 2025 co·

169 2048 277 2133 guito,
304 2069 346 2112 ne
363 2048 446 2132 quid
475 2048 609 2114 absente
638 2070 672 2113 se
695 2051 825 2134 gestum
848 2048 1024 2132 videretur,
1053 2070 1126 2114 eum
1150 2048 1218 2114 suis
1242 2048 1350 2134 copiis

168 2136 439 2222 proficisceretur,
470 2136 600 2221 accidit,
628 2137 704 2202 dum
732 2137 774 2202 ad
807 2137 962 2222 oppidum
995 2138 1274 2222 appropinquent,
1307 2142 1352 2202 ut

168 2245 288 2309 magna
301 2230 479 2310 tempestas
494 2232 653 2291 oreretur:
667 2247 767 2310 quam
780 2226 903 2290 evitare
913 2224 976 2290 duo
989 2230 1115 2291 veteres
1130 2227 1350 2310 imperatores

134 2314 249 2379 sutile
273 2314 424 2380 arbitrati
448 2336 540 2379 suem
564 2314 702 2379 classem
726 2318 985 2398 suppresserunt.
1022 2314 1069 2379 At
1091 2315 1147 2379 ille
1170 2314 1350 2379 temeraria

169 2424 246 2467 usus
268 2403 395 2467 ratione
419 2426 484 2468 non
507 2403 606 2468 cessit
628 2403 787 2468 maiorum
811 2407 891 2468 natu
914 2403 1110 2487 auctoritati,
1133 2407 1176 2488 et,
1198 2407 1235 2468 ut
1258 2404 1285 2467 si
1309 2403 1351 2467 in

169 2513 229 2556 sua
250 2492 328 2556 navi
351 2494 436 2556 esset
461 2490 607 2575 fortuna,
636 2513 700 2575 quo
727 2490 952 2571 contenderat,
979 2490 1140 2576 pervenit,
1169 2492 1350 2575 eodemque

168 2584 206 2644 ut
233 2584 456 2663 sequerentur,
484 2579 524 2644 ad
548 2579 756 2644 Timotheum
784 2585 817 2644 ct
844 2579 1041 2664 iphicratcm
1068 2580 1219 2645 nuntium
1246 2580 1350 2645 misit.

170 2666 232 2732 Sed
259 2668 343 2731 male
370 2689 406 2731 re
434 2671 526 2752 gesta
549 2667 834 2752 compluribusque
865 2668 991 2733 amissis
1018 2668 1156 2734 navibus
1180 2689 1231 2753 eo,
1260 2668 1350 2734 unde

169 2758 240 2820 eret
266 2755 445 2840 profectus,
476 2777 510 2820 se
538 2757 660 2839 recepit
687 2756 877 2840 litterasque
905 2756 1054 2822 Athenas
1085 2756 1214 2841 publice
1245 2756 1349 2842 misit,

170 2843 233 2907 sibi
262 2844 407 2927 proclive
438 2843 538 2908 fuisse
570 2842 766 2928 Byzantium
798 2866 926 2929 capere,
957 2845 1021 2910 nisi
1053 2868 1073 2909 a
1104 2844 1277 2911 Timotheo
1310 2853 1348 2911 et

133 2965 150 3016 5
170 2931 333 3016 Iphicrate
357 2932 503 2997 desertus
527 2938 619 2997 esset.
656 2932 800 3017 Populus
824 2955 897 2998 acer
920 2936 953 2998 et
977 2935 1126 3018 suspicax
1145 2935 1188 2999 cb
1209 2956 1348 3018 eamque

168 3043 236 3086 rem
247 3021 556 3107 mobilis,imprimis
565 3021 732 3106 potentiae
743 3022 947 3088 adversarius
959 3026 1056 3106 atque
1066 3022 1206 3107 invidus,
1213 3023 1349 3088 domum

168 3110 242 3175 illos
261 3116 406 3176 revocat:
430 3114 624 3176 accusantur
641 3110 844 3195 proditionis.
881 3110 931 3175 no
949 3110 1068 3175 iudicio
1088 3111 1176 3176 dam·
1200 3113 1243 3192 [a.
1263 3111 1344 3192 354]

168 3202 265 3264 netur
287 3198 478 3264 Timotheus
501 3201 606 3284 lisque
630 3201 699 3264 eius
729 3199 921 3264 aestimatur
950 3204 1080 3264 centum
1105 3199 1246 3265 talentis.
1282 3200 1346 3265 Ille

169 3287 245 3352 odio
268 3289 417 3373 ingratae
441 3289 583 3354 civitatis
607 3285 793 3353 Chalcidem
817 3309 851 3352 se
874 3287 1023 3352 contulit

136 3410 151 3458 1
259 3375 317 3441 IV.
346 3375 447 3444 Cuius
473 3380 550 3460 post
577 3373 749 3462 morteml)
777 3399 850 3441 cum
877 3377 1033 3460 populum
1060 3376 1172 3441 iudicii
1197 3377 1247 3441 sui
1270 3398 1347 3461 pae-

169 3465 302 3548 niteret,
326 3465 449 3529 multae
471 3486 587 3528 novem
610 3467 720 3547 partes
744 3464 885 3529 detraxit
907 3469 940 3529 et
962 3465 1071 3530 decem
1092 3465 1218 3530 talenta
1240 3464 1347 3532 Cono-

168 3575 255 3638 nem,
278 3553 381 3618 filium
405 3553 486 3637 eius,
510 3552 549 3616 ad
574 3552 659 3616 muri
683 3553 845 3637 quandem
868 3556 995 3636 partem
1018 3553 1224 3618 reficiendam
1246 3554 1346 3619 iussit

169 3641 252 3707 dare.
290 3640 361 3717 Qua
379 3641 413 3705 in
432 3662 466 3704 re
485 3640 636 3705 fortunae
654 3642 794 3706 varietas
819 3644 868 3705 est
887 3641 1123 3707 animadversa
1157 3641 1243 3707 Nam
1263 3664 1345 3726 quos

206 3868 227 3936 ⁸)
245 3872 298 3921 439
316 3868 399 3922 anter
416 3866 546 3921 Periclea.
783 3869 882 3924 stehen
895 3869 1017 3937 hbnncn,
1034 3869 1094 3924 sich
1108 3867 1238 3924 aufloste.
1264 3867 1348 3925 Denn

205 3937 332 4020 ⁴).Beide
348 3937 448 4020 Slldl⁰
461 3937 599 4007 gehdrten
616 3954 665 3992 zur
679 3938 728 3993 Se·
784 3940 877 3994 Athen
900 3939 1004 3996 musste
1028 3939 1200 3996 schlielslich
1223 3938 1278 3994 den
1297 3939 1347 3995 ab·

168 4012 261 4113 trqpre
280 4009 329 4092 des
347 4008 558 4064 Ariobarzanes.
783 4008 944 4093 gefallenen
975 4010 1225 4093 Bundesgeuossen
1257 4009 1347 4066 Anto

167 4151 206 4205 ist
217 4079 361 4235 )diceq1uds,r
369 4077 728 4233 ziqqqqqmuquthqesghgs
783 4081 1348 4208 Ciidlliiaieliridulilimclllilduilerrrerihlbli3

167 4223 349 4304 nqssenkneg
363 4223 534 4305 (tbi-7855),
547 4239 578 4276 1n
591 4222 728 4305 welchem
782 4222 937 4292 grdndeten
956 4222 1169 4307 Seeherrschalt
1182 4224 1290 4278 Athens
1309 4223 1349 4279 ist

168 4292 219 4375 dre·
234 4292 323 4374 'letate
348 4293 522 4374 griechische
545 4292 665 4376 Mecht,
683 4294 728 4349 dre
784 4311 814 4348 es
832 4310 891 4347 nun
908 4294 1015 4349 verber

167 4362 623 4433 Phihppvonhdacedomenhttte
630 4365 729 4419 wider·
820 4364 842 4432 ο)
862 4364 900 4418 Er
918 4364 996 4419 stsrb
1014 4365 1088 4419 noch
1105 4364 1145 4418 im
1163 4364 1250 4420 Jahre
1268 4370 1331 4421 354.
