2959 4759
184 175 207 239 4
619 176 641 232 Ι.
669 175 875 233 MILTIADES.
897 182 923 230 4.

185 339 331 405 colerent
345 337 460 404 Graeci
479 360 605 424 genere,
623 339 745 404 liberos
764 338 969 409 aPersarum
987 340 1114 407 futuros
1128 341 1360 410 dominatione.

185 426 261 493 Sine
292 429 438 512 periculo
466 427 499 492 id
528 431 561 494 et
587 427 684 493 facile
716 427 802 493 effici
829 450 940 512 posse:
973 435 1073 515 ponte
1102 432 1190 496 enim
1221 433 1358 498 rescisso

184 538 297 603 regem
320 519 372 583 vel
394 517 539 582 hostium
562 517 648 582 ferro
667 517 719 582 vel
742 516 853 601 inopia
875 518 989 602 paucis
1012 519 1125 584 diebus
1144 521 1361 588 interiturum.

149 629 166 681 s
185 606 237 671 Ad
259 606 321 671 hoc
344 605 515 671 consilium
534 628 608 672 eum
630 605 776 690 plerique
796 608 995 689 accederent,
1018 608 1185 674 Histiaeus
1204 608 1361 695 Milesius,

184 717 225 760 ne
248 717 300 760 res
329 696 553 780 conficeretur,
576 695 721 780 obstitit,
745 716 818 760 cum
840 694 962 761 diceret
984 718 1052 762 non
1074 698 1160 762 idem
1186 699 1282 782 ipsis,
1305 700 1362 784 qui

186 806 330 850 summas
353 784 481 869 imperii
504 787 663 868 tenerent,
685 783 836 867 expedire
860 788 893 850 et
916 785 1136 868 multitudini,
1159 787 1245 871 quod
1268 786 1362 853 Darii

184 893 285 958 regno
308 874 455 958 ipsorum
478 874 638 939 niteretur
660 872 854 938 dominatio:
887 895 951 957 quc
976 874 1136 941 exstincto
1159 877 1249 960 ipsos
1272 882 1361 961 pote·

186 965 271 1027 state
295 964 446 1048 expulsos
466 962 590 1027 civibus
614 963 682 1027 suis
701 982 824 1045 poenas
843 961 986 1028 daturos.
1017 962 1132 1047 Itaque
1150 965 1230 1029 adeo
1251 987 1285 1030 se
1305 967 1362 1031 ab·

186 1052 317 1116 horrere
341 1075 361 1116 a
384 1055 564 1117 ceterorum
586 1049 734 1132 consilio,
758 1053 794 1116 ut
811 1050 895 1115 nihil
917 1054 1011 1136 putet
1029 1054 1111 1136 ipsis
1129 1053 1242 1119 utilius
1262 1076 1361 1139 quam

151 1163 167 1213 e
186 1140 372 1206 confirmari
393 1161 532 1226 regnum
555 1140 735 1205 Persarum.
782 1137 877 1205 Hane
906 1141 1104 1205 sententiam
1127 1163 1201 1207 cum
1228 1142 1362 1227 plurimi

186 1233 294 1295 essent
322 1229 439 1313 secuti,
465 1228 631 1294 Miltiades
659 1250 727 1293 non
750 1227 903 1293 dubitans
925 1231 995 1293 tam
1024 1231 1135 1295 multis
1159 1232 1297 1297 consciis
1321 1233 1362 1296 ad

185 1318 272 1404 regis
301 1340 393 1383 aures
423 1317 561 1382 consilia
585 1340 643 1383 sua
666 1321 876 1402 perventura,
899 1316 1137 1384 Chersonesum
1163 1320 1296 1405 reliquit
1324 1343 1362 1385 ac
1461 1347 1462 1350 ¹

184 1429 297 1472 rursus
325 1407 474 1472 Athenas
506 1403 759 1491 demigravit13).
804 1403 904 1471 Cuius
936 1408 1021 1471 ratic
1055 1409 1117 1472 etsi
1149 1430 1214 1472 non
1247 1409 1361 1493 valuit,

185 1501 296 1561 tamen
314 1516 433 1581 magno
448 1500 609 1580 operaest
625 1494 797 1579 laudanda,
815 1516 889 1560 cum
904 1495 1038 1562 amicior
1053 1498 1197 1562 omnium
1217 1497 1362 1563 libertati

188 1607 286 1669 quam
309 1606 386 1649 suae
408 1584 509 1649 fuerit
533 1584 756 1650 dominationi.
1461 1657 1462 1666 ἵ

152 1695 166 1744 1
275 1672 332 1739 IV.
377 1672 497 1739 Darius
525 1678 648 1757 autem,
680 1695 760 1741 cum.
782 1695 821 1737 ex
847 1673 981 1758 Europa
1008 1675 1043 1738 in
1071 1673 1185 1740 Asiam
1215 1674 1363 1760 redisset,
1460 1715 1462 1734 ι

184 1762 393 1828 hortantibus
413 1762 536 1846 amicis,
559 1766 597 1828 ut
616 1759 788 1827 Graeciam
806 1762 968 1848 redigeret
987 1764 1134 1828 insuam
1155 1767 1361 1848 potestatem,

185 1852 323 1917 classem
343 1852 595 1938 quingentarum
612 1850 746 1916 navium
764 1852 968 1936 comparavit
986 1853 1079 1937 eique
1093 1852 1205 1917 Datim
1225 1855 1266 1933 [a.
1281 1853 1361 1934 490]

184 1940 341 2025 praefecit
365 1945 398 2005 et
416 1939 653 2026 Artaphernem
673 1939 788 2023 hisque
806 1939 946 2006 ducenta
966 1940 1122 2025 peditum,
1145 1939 1255 2005 decem
1275 1943 1362 2026 equi-

186 2034 255 2095 tum
278 2031 373 2095 milia¹
393 2029 492 2109 dedit,
514 2051 646 2095 causam
669 2030 865 2094 intorserens
874 2027 928 2115 1⁴),
953 2051 987 2094 sc
1011 2029 1140 2095 hostem
1163 2050 1233 2093 esse
1258 2028 1362 2094 Athe-

185 2118 363 2202 niensibus,
386 2119 472 2202 quod
495 2140 609 2184 eorum
629 2118 751 2183 auxilio
770 2118 867 2183 Iones
887 2117 1004 2184 Sardes
1029 2122 1269 2201 expugnassent
1289 2140 1362 2183 sua·

150 2228 249 2292 aque
276 2208 439 2293 praesidia
466 2204 760 2293 interfecissent15).
804 2206 857 2271 Illi
890 2205 1046 2291 praefecti
1076 2205 1159 2291 regii
1187 2207 1292 2273 classe
1320 2206 1361 2272 ad

186 2296 356 2362 Euboeam
383 2297 522 2381 appulsa
549 2296 696 2362 celeriter
718 2295 882 2360 Eretriam
910 2298 1065 2379 ceperunt
1093 2315 1268 2380 omnesque
1292 2296 1361 2361 eius

186 2384 340 2471 gentisll)
369 2387 454 2452 cives
483 2387 636 2471 abreptos
664 2386 699 2450 in
722 2385 838 2449 Asiam
867 2384 907 2448 ad
931 2404 1041 2468 regem
1069 2384 1237 2466 miserunt
1282 2385 1362 2450 Inde

186 2475 228 2539 ad
247 2475 392 2540 Atticam
415 2478 620 2541 accesserunt
639 2482 671 2539 et
690 2474 801 2557 copias
821 2473 856 2537 in
875 2493 1025 2556 eampum
1045 2471 1286 2561 Marathonall)
1312 2475 1363 2539 de·

188 2564 357 2630 duxerunt.
401 2564 434 2629 Is
463 2565 558 2630 abest
585 2564 626 2629 ab
656 2563 735 2627 urbe
764 2562 891 2626 circiter
921 2562 1012 2626 milia
1034 2584 1190 2647 passuum
1214 2563 1363 2628 sedecim.

151 2674 168 2722 a
187 2652 260 2719 Hoc
281 2654 424 2719 tumultu
448 2653 665 2718 Athenienses
688 2655 758 2715 tam
780 2651 962 2736 propinquo
991 2656 1124 2734 tamque
1148 2673 1266 2736 magno
1289 2673 1362 2735 per·

186 2743 270 2808 moti
292 2743 448 2808 auxilium
471 2762 630 2825 nusquam
653 2739 717 2803 nisi
741 2760 761 2802 a
782 2737 1049 2804 Lacedaemoniis
1077 2739 1263 2823 petiverunt
1286 2739 1362 2804 Phi·

187 2831 384 2917 dippumque
412 2850 575 2895 cursorem
598 2828 667 2892 eius
690 2828 832 2912 generis,
861 2827 946 2912 quod
976 2828 1241 2893 hemerodromoe
1269 2849 1362 2893 voca·

186 2918 295 3008 turll),
316 2919 592 2985 Lacedaemonem
611 2916 779 2999 miserunt,
799 2921 837 2981 ut
854 2917 1027 3000 nuntiaret,
1046 2939 1144 3002 quam
1163 2917 1261 2982 celeri
1280 2939 1362 3001 opus

150 3013 274 3078 resset
306 3008 436 3075 auxilio.
481 3005 580 3072 Domi
612 3008 722 3071 autem
755 3009 864 3071 creant
896 3005 1006 3071 decem
1043 3011 1222 3090 praetores,
1253 3007 1290 3071 in
1320 3007 1362 3071 iis

186 3098 376 3164 Miltiadem.
417 3095 508 3160 Inter
531 3116 611 3178 quos
635 3116 756 3180 magna
778 3095 842 3160 fuit
864 3096 1038 3173 contentio,
1061 3101 1171 3160 utrum
1190 3096 1360 3161 moenibus

188 3210 222 3253 se
245 3185 465 3266 defenderent,
488 3205 530 3248 an
553 3184 683 3249 obviam
706 3186 793 3249 irent
814 3184 964 3249 hostibus
988 3185 1119 3267 acieque
1143 3184 1360 3250 decernerent.
1463 3253 1464 3256 ,

151 3296 167 3346 e
187 3271 328 3362 Unusll)
346 3272 512 3338 Miltiades
532 3274 671 3337 maxime
689 3273 866 3357 nitebatur,
889 3277 926 3338 ut
943 3273 1049 3357 primo
1069 3294 1195 3357 quoquc
1214 3276 1362 3358 tempore

226 3432 260 3503 ¹⁸)
283 3429 356 3486 Mitt.
375 3447 442 3499 mag
460 3429 569 3485 damals
593 3430 682 3485 achon
700 3431 752 3486 auf
803 3427 1042 3497 ticnsvcrhtltnis,
1057 3428 1111 3485 wie
1125 3429 1155 3484 in
1169 3445 1239 3499 agro
1254 3430 1364 3485 Troade

186 3504 272 3559 harae
290 3500 352 3556 Zeit
368 3501 399 3555 in
412 3501 506 3556 Athen
525 3499 684 3557 Sichcrheit
701 3519 749 3573 ge·
802 3502 883 3557 Pauo.
902 3500 951 3568 ΙΠ,
971 3506 996 3555 3.

187 3574 271 3631 sucht
288 3571 390 3628 haben.
415 3572 490 3627 Aber
504 3570 630 3627 dauernd
648 3572 749 3628 kehrte
840 3571 873 3641 ¹⁸>
896 3570 978 3639 Quod
996 3572 1121 3639 vocatur,
1140 3570 1194 3626 wie
1212 3572 1295 3626 Paua
1314 3571 1364 3642 III,

187 3663 218 3700 er
235 3644 294 3698 erst
316 3649 370 3699 494
389 3644 475 3699 dahin
497 3643 614 3713 aurdek,
639 3643 682 3699 als
702 3645 748 3699 die
803 3649 819 3697 6
838 3660 865 3698 u.
883 3642 964 3698 Eum.
983 3641 1018 3710 V,
1037 3648 1066 3710 3,
1091 3642 1171 3697 nicht
1194 3642 1244 3713 qui
1261 3660 1364 3699 vocan-

186 3717 286 3770 Perser
302 3716 375 3769 nach
392 3714 591 3784 Bewhltigung
609 3715 659 3770 dea
677 3715 748 3770 ioni-
801 3715 857 3782 tur,
876 3715 942 3769 weil
956 3714 1006 3768 der
1020 3713 1195 3769 Relativsatz
1209 3714 1271 3769 hier
1283 3715 1365 3769 nicht

187 3783 484 3843 schenAulstandesin
493 3783 748 3857 jonenGewhccern
802 3784 864 3841 eine
878 3784 1029 3855 beilaufige
1040 3784 1227 3855 Bemerhung,
1243 3786 1365 3840 condem

187 3877 222 3912 au
238 3859 365 3928 mtchtig
382 3858 505 3913 werden.
802 3855 1365 3926 einenctwendigeBestimmungaueius

189 3999 195 4012 ι
226 3929 259 3998 1⁴)
283 3928 372 3984 Dafflr
395 3931 446 3985 das
473 3929 616 3984 fiblichere
635 3945 750 3985 causam
803 3929 1052 4011 generumque.
1080 3928 1163 3983 Indes
1182 3927 1263 3995 auch,
1282 3944 1365 3982 worm

187 4000 643 4142 mlitltlltffttmtltthe
662 4078 723 4128 499.
802 3997 1367 4139 resalutaturum

225 4142 259 4212 ¹⁰)
279 4141 430 4214 Beaflglich
444 4141 496 4197 auf
506 4144 557 4198 das
571 4142 655 4214 obige
665 4143 750 4198 Grae·
803 4142 974 4212 wenigstmc
984 4139 1119 4197 statthalt
1127 4157 1257 4210 genesen
1266 4157 1366 4211 wegen

188 4215 270 4271 ciam.
303 4213 360 4271 Der
377 4214 526 4270 Auadruck
545 4229 676 4284 ungenau
695 4213 748 4269 wie
803 4214 853 4269 des
872 4212 956 4269 dabei
975 4211 1130 4268 stehenden
1148 4212 1363 4268 Fremdwcrtes.

189 4303 285 4342 earum
303 4286 416 4342 urbiam
433 4286 482 4355 III,
498 4292 513 4340 1
532 4286 589 4341 und
608 4302 643 4341 ea
660 4284 694 4354 V,
709 4291 734 4340 2.
841 4284 875 4354 ¹⁹)
903 4284 980 4339 Unus
1004 4283 1106 4354 gehon
1128 4282 1171 4339 als
1196 4283 1365 4355 Steigerung

225 4358 260 4430 ¹⁷)
278 4358 348 4416 Mar.
362 4360 420 4415 und
435 4373 565 4429 campum
578 4356 617 4413 im
627 4357 750 4428 Apposi-
804 4375 838 4411 au
856 4357 986 4413 mamma.
