2959 4759
478 241 578 297 XVIII.
606 240 790 296 EUIIENES.
815 245 948 307 10-12.Ι
1251 240 1294 304 69

124 425 185 490 que
204 404 289 469 diem
308 426 407 469 unum
426 406 594 489 opperitur
612 403 654 469 ad
667 403 890 469 lassitudinem
912 402 1087 468 sedandam
1106 400 1295 490 militum²⁵)

124 513 161 560 sc
183 493 356 558 reficienda
378 493 532 579 iumenta,
555 515 618 579 quo
642 492 821 576 integriore
845 494 985 557 exercitu
1008 492 1199 556 decerneret.

212 582 252 647 X.
276 580 329 647 Sic
343 582 505 648 Eumenes
524 583 677 648 callidum
691 581 922 666 imperatorem
940 581 1076 646 consilio
1090 581 1171 646 vicit
1185 581 1293 645 celeri·
1316 598 1328 642 1

121 675 287 756 tatemque
311 672 379 736 cius
402 671 580 755 impedivit,
602 693 706 755 neque
729 675 841 735 tamen
863 671 1003 735 multum
1025 667 1172 753 profecit
1208 667 1329 734 Namr

122 761 246 826 invidia
287 758 416 839 ducum,
453 782 526 825 cum
567 760 684 845 quibus
722 764 808 837 erat,
848 758 1045 843 perfidiaque
1080 757 1294 823 Macedonum

121 854 361 933 veteranorum,
375 870 448 913 curn
463 850 610 935 superior
617 849 742 933 proelio
757 847 969 931 discessisset,
977 845 1148 930 Antigono
1163 849 1206 928 [a.
1215 847 1293 928 315]

121 942 173 1003 est
201 937 337 1003 deditus.
384 936 540 1014 Quamvis
573 939 660 1002 enim
692 937 851 1001 exercitus
884 935 915 1000 ei
945 940 996 1000 mr
1029 939 1104 999 ante
1136 936 1294 1018 separatis

119 1027 324 1111 temporibus
357 1025 563 1091 defensurum
596 1048 631 1091 sc
663 1047 737 1090 enm
769 1046 873 1109 neque
906 1046 1059 1109 umquam
1095 1024 1295 1089 deserturum

119 1116 275 1199 iurasset,
297 1118 392 1181 tanta
414 1113 479 1179 fuit
500 1115 730 1180 nonnullorum
753 1113 884 1178 virtutis
908 1112 1114 1190 obtrectatio,
1140 1117 1177 1177 ut
1197 1112 1294 1177 fidem

119 1206 272 1270 amittere
300 1204 437 1268 mallent
464 1226 561 1288 quam
590 1225 663 1268 eum
690 1225 757 1268 non
782 1203 923 1287 perdere.
970 1203 1077 1286 Atque
1100 1201 1330 1286 Antigonus,o

119 1316 194 1359 cum
218 1293 387 1358 siluisset
411 1291 651 1377 infestissimus,
674 1296 800 1378 tamen,
822 1292 850 1356 si
872 1312 930 1375 per
953 1312 1029 1355 snos
1052 1294 1138 1354 esset
1159 1290 1295 1372 licitum,

120 1385 357 1464 conservasset,
376 1381 461 1468 quod
481 1382 522 1447 ab
540 1382 631 1445 nullo
656 1403 690 1447 se
708 1381 783 1465 plus
802 1379 948 1445 adiuvari
965 1400 1062 1463 posse
1082 1379 1296 1464 intellegebat

118 1471 156 1536 in
179 1471 221 1536 iis
245 1471 351 1553 rebus,
375 1492 455 1554 quas
478 1470 664 1555 impendere
683 1472 750 1534 iam
775 1469 953 1553 apparebat
976 1469 1017 1532 ab
1037 1468 1195 1533 omnibus.
1231 1466 1294 1532 Im-

120 1560 292 1625 minebant
316 1559 401 1624 enim
425 1557 588 1643 Seleucus,
606 1558 831 1643 Lysimachus,
850 1556 1069 1641 Ptolemaeus,
1092 1556 1207 1641 opibus
1230 1557 1295 1621 iam

117 1649 280 1733 valentes,
308 1670 381 1713 cum
410 1649 527 1733 quibus
555 1649 584 1712 ei
613 1648 652 1712 de
682 1648 817 1712 summis
844 1647 941 1711 rebus
971 1649 1042 1710 erat
1068 1645 1294 1710 dimicandum.

119 1736 185 1803 Sed
200 1738 292 1802 illud
319 1757 386 1801 non
414 1737 505 1820 passi
533 1741 622 1818 sunt,
650 1739 706 1821 qui
729 1737 814 1802 circa
837 1739 942 1817 erant,
972 1734 1058 1819 quod
1080 1734 1226 1818 Eumene
1249 1750 1331 1798 re4

118 1832 216 1911 cepto
241 1847 353 1891 omnes
377 1846 411 1889 se
434 1847 513 1909 prae
536 1826 595 1892 illo
618 1826 711 1910 parvi
733 1825 862 1890 futuros
885 1822 1047 1889 videbant.
1088 1822 1163 1907 Ipse
1185 1826 1295 1888 autem

117 1916 309 2000 Antigonus
332 1914 412 1980 adeo
436 1918 507 1979 erat
528 1915 689 1997 incensus,
711 1918 750 1978 ut
772 1914 835 2008 nipi
858 1933 980 1998 magna
1001 1934 1057 1996 spe
1080 1913 1295 1977 maximarum

117 2027 229 2070 rerum
252 2004 348 2068 leniri
371 2024 436 2068 non
458 2008 578 2087 posset.
815 2009 816 2012 ’

209 2092 266 2157 ΧΙ.
288 2092 405 2176 Itaque
425 2113 462 2156 eo
482 2092 517 2156 in
536 2091 717 2157 custodiam
733 2092 819 2169 dato,
834 2112 907 2155 cum
922 2089 1104 2173 praefectus
1124 2090 1295 2154 custodum
1315 2109 1329 2155 1

118 2182 315 2268 quaesisset,
352 2180 621 2265 quemadmodum
655 2177 824 2267 servari²⁶)
856 2180 968 2263 vellet,
1004 2178 1053 2243 ‘ut
1089 2177 1295 2243 acerrimum'

118 2272 228 2357 inquit
254 2269 395 2335 ‘leonem
423 2273 480 2334 aut
507 2269 745 2335 ferocissimum
774 2267 1009 2352 elephantum':
1037 2268 1182 2333 nondum
1208 2269 1294 2332 enim

119 2363 291 2444 statuerat,
304 2362 511 2425 conservaret
526 2380 599 2423 eum
618 2379 726 2424 necne.
755 2356 919 2423 Veniebat
933 2362 1043 2422 autam
1062 2355 1102 2421 ad
1116 2349 1295 2421 Eumenem
1315 2374 1330 2421 2

118 2454 292 2534 utrumque
312 2468 414 2532 genus
433 2447 611 2532 hominum,
632 2451 665 2512 et
679 2447 734 2531 qui
752 2450 884 2531 propter
903 2446 1012 2512 odium
1030 2445 1173 2513 fructum
1192 2443 1295 2511 oculis

120 2560 160 2602 ex
183 2538 253 2602 eius
275 2558 352 2602 casu
375 2558 489 2622 capere
512 2536 644 2619 vellent,
667 2539 701 2600 et
719 2536 775 2620 qui
792 2541 926 2621 propter
949 2538 1092 2601 veterem
1116 2535 1294 2600 amicitiam

119 2627 263 2710 colloqui
281 2625 504 2709 consolarique
523 2629 688 2709 cuperent:
709 2627 805 2690 multi
826 2627 925 2690 etiam
943 2625 1082 2690 formam
1101 2644 1295 2709 cognoscere

121 2715 308 2799 studebant,
331 2715 436 2800 qualis
459 2715 486 2779 is
510 2718 607 2799 esset,
630 2736 726 2799 quem
744 2718 813 2781 tarn
837 2714 932 2780 valde
951 2714 1146 2795 timuissent,
1169 2719 1206 2777 ut
1227 2713 1294 2778 eius

119 2805 155 2868 in
182 2805 325 2889 pernicie
353 2804 493 2887 positam
524 2825 616 2887 spem
645 2803 806 2870 haberent
828 2803 991 2869 victoriae.
1038 2801 1100 2867 Sed
1122 2801 1330 2884 Eumenes,a

120 2913 195 2956 cum
227 2892 361 2956 diutius
379 2892 413 2956 in
446 2894 582 2957 vinculis
612 2896 713 2975 esset,
746 2893 793 2956 ait
821 2892 1040 2974 Onomarcho,
1072 2912 1171 2975 penes
1200 2911 1295 2975 quem

122 3000 250 3044 summa
274 2984 344 3042 erat
366 2980 541 3064 custodiae,
564 2980 676 3044 mirari
700 3002 743 3059 se,
771 3002 871 3064 quare
895 2981 958 3045 iam
982 2980 1114 3044 tertium
1138 2979 1222 3045 diem
1247 2980 1295 3044 sic

120 3069 299 3132 teneretur:
321 3088 388 3131 non
412 3066 499 3131 enim
523 3066 585 3132 hoc
609 3069 779 3132 convenire
794 3068 954 3153 Antigoni
973 3067 1171 3150 prudentiae,
1194 3072 1231 3132 ut
1249 3068 1295 3131 sic

121 3157 310 3222 abuteretur
337 3156 438 3220 ricto:
471 3156 549 3240 quin
577 3162 634 3220 aut
661 3155 800 3221 interfici
828 3160 885 3220 aut
908 3156 1041 3220 missum
1070 3155 1140 3220 fieri
1162 3156 1296 3221 iuberet.

121 3245 184 3324 Qui
208 3267 281 3311 cum
302 3245 441 3310 ferocius
469 3244 558 3329 loqui
580 3244 757 3331 videretur,
780 3243 1002 3311 Onomarchus
1025 3242 1137 3329 ‘quidl
1166 3242 1224 3330 tu',
1246 3243 1293 3306 in·
1313 3259 1330 3308 4

122 3335 205 3420 quit,
229 3333 351 3400 ‘animo
375 3333 403 3398 si
425 3334 491 3399 isto
515 3357 601 3419 eras,
629 3356 686 3399 eur
709 3356 777 3400 non
799 3335 833 3399 in
855 3334 981 3420 proelio
1010 3333 1154 3399 cecidisti
1176 3333 1295 3417 potius,

16 3477 18 3496 ,
121 3445 218 3508 quam
247 3424 281 3488 in
308 3426 505 3507 potestatem
528 3424 654 3508 inimici
677 3422 839 3490 venues'?
886 3421 947 3488 Oui
969 3423 1132 3489 Eumenes
1156 3422 1330 3487 ‘utinamo

16 3515 17 3518 ’
121 3512 250 3599 quidem
277 3512 365 3576 istud
393 3514 567 3579 evenisset!
597 3513 652 3577 sed
682 3535 720 3578 eo
748 3534 815 3578 non
844 3512 974 3595 accidit,
1004 3512 1090 3597 quod
1117 3532 1295 3597 numquam

121 3622 193 3666 oum
215 3602 351 3666 fortiore
379 3624 451 3666 sum
474 3623 680 3687 congressus:
707 3624 774 3669 non
802 3602 888 3667 enim
917 3624 990 3668 curn
1018 3623 1179 3687 quoquam
1203 3622 1295 3666 arma

16 3719 17 3760 l
120 3690 253 3774 contuli,
277 3690 354 3775 quin
377 3690 458 3755 mihi
482 3689 708 3756 succubuerit'.

208 3777 281 3843 XII.
313 3777 435 3843 Verum
458 3778 644 3865 Antigonus
669 3780 707 3844 de
730 3802 770 3846 eo
800 3801 873 3845 cnm
897 3780 985 3844 solus
1011 3781 1205 3845 constituere
1227 3800 1294 3844 non
1314 3795 1329 3842 1

121 3867 266 3951 auderet,
293 3866 334 3931 ad
362 3868 536 3933 consilium
563 3869 700 3933 rettulit.
747 3867 869 3934 Omnes
896 3869 1004 3953 primo
1032 3868 1214 3951 perturbati
1240 3869 1295 3933 ad·

16 3969 17 4006 l
120 3957 337 4039 mirabantur,
364 3977 431 4020 non
454 3957 519 4021 iam
543 3956 581 4021 de
605 3979 644 4022 eo
668 3964 834 4042 sumptum
856 3978 927 4022 esse
951 3958 1158 4042 supplicium,
1187 3980 1206 4022 a
1230 3979 1294 4041 quo

121 4047 173 4110 tot
196 4066 298 4110 annos
323 4044 403 4110 adeo
427 4049 537 4110 essent
559 4046 644 4111 male
662 4045 778 4125 habiti,
801 4051 839 4111 ut
857 4068 953 4129 saepe
977 4046 1018 4111 ad
1037 4046 1294 4130 desperationem

16 4179 17 4188 .
123 4133 233 4199 forent
255 4133 395 4218 adducti,
419 4133 537 4219 quique
560 4134 718 4199 maximos
742 4131 885 4220 duces²⁷)
909 4134 1134 4220 interfecisset,
1157 4136 1330 4221 deniquea

158 4272 192 4341 ²⁶)
211 4275 293 4328 Anm.
313 4290 347 4327 an
364 4271 446 4328 Ham.
465 4263 490 4342 I,
505 4279 531 4329 2.
557 4272 680 4328 Militum
735 4289 768 4328 eo
800 4273 830 4326 in
863 4272 1020 4328 custodiam
1058 4273 1137 4329 dato
1162 4292 1196 4327 au
1233 4275 1295 4327 ent-

120 4340 210 4399 bildet
228 4343 308 4400 einen
319 4344 476 4414 Gegensatr
494 4362 527 4398 au
545 4343 679 4400 iumenta.
733 4343 863 4399 nehmen.

92 4479 96 4487 ι
157 4414 192 4485 ²⁶)
211 4414 267 4470 Das
287 4415 363 4485 Subj.
388 4435 422 4470 au
441 4414 547 4471 servari
571 4414 611 4470 ist
628 4432 679 4469 aus
771 4413 806 4485 ¹⁷)
825 4415 954 4470 Craterus
973 4416 1031 4470 und
1049 4413 1257 4484 Neoptolemus.

1015 4501 1020 4533 l
