2959 4759
189 150 229 205 Vl
579 150 790 207 PRAEFATIO
809 151 988 208 EDITORIS.

1445 119 1448 130 1

1463 293 1464 306 l

103 293 108 296 ¹
189 313 284 378 libris
310 313 350 377 ad
375 314 512 378 eundem
535 312 699 399 Nepotem
721 317 774 380 vel
803 314 1074 401 ‘adaugendum'‚
1103 312 1392 401 quemadmodum
1463 309 1465 370 ἶ

186 421 243 487 ille
276 420 395 503 voluit,
428 421 479 485 vel
518 419 715 505 ‘pleniorem
745 421 971 507 reddendum',
1002 424 1087 507 quod
1118 423 1172 488 hic
1205 421 1393 507 spectavit,
1464 489 1465 498 ἵ

188 548 293 612 nuper
316 527 512 611 conscriptis
540 549 648 592 meum
676 529 884 613 propositum
913 530 1063 614 persequi
1086 551 1152 594 111
1182 529 1243 593 sim
1267 528 1389 591 deter-
1465 545 1466 554 ¹

188 633 279 699 ritus.
326 631 409 699 Cum
432 635 519 699 enirn
544 657 583 699 ex
605 657 800 720 unaquaque
828 636 915 720 apud
943 635 1018 701 illos
1045 636 1168 722 pagina
1190 637 1391 719 appareret,

188 761 286 825 quam
310 741 456 807 diversas
481 764 500 807 a
523 763 574 805 me
598 742 743 808 rationes
766 743 868 808 secuti
892 745 1016 827 essent,
1038 746 1169 830 gratum
1192 763 1242 806 me
1266 740 1387 805 faetu-

189 869 262 911 rum
285 848 454 918 nonnullis
473 847 659 913 scholarum
677 850 845 934 magistris
864 851 1046 934 sperabam,
1069 852 1097 915 si
1119 871 1225 914 meum
1249 849 1385 912 librum

186 953 355 1039 inceptum
379 955 581 1020 conficerem.

278 1060 369 1125 Haec
392 1061 550 1126 hactenus
570 1062 689 1127 dabam
709 1060 829 1129 Silusia
848 1065 925 1128 anni
944 1064 1031 1130 1878
1050 1084 1162 1128 mense
1179 1061 1385 1144 Novembri,

128 1142 130 1146 i
187 1167 421 1251 cumprimum
435 1165 599 1253 Nepotem
618 1169 756 1234 ederem.
793 1169 866 1234 Iam
879 1174 955 1254 post
969 1169 1132 1234 divendita
1146 1169 1256 1233 decem
1277 1168 1383 1231 milia
1452 1203 1455 1208 ·

186 1273 284 1339 huius
312 1274 418 1339 libelli
447 1275 667 1358 exemplorum
694 1279 792 1361 rogat
820 1298 839 1340 a
863 1298 914 1341 me
936 1276 1131 1360 bibliopola,
1155 1279 1193 1340 ut
1216 1277 1378 1373 quarta-m

187 1380 366 1445 editionem
390 1381 571 1446 instituam.
608 1381 661 1447 Ad
681 1404 779 1466 quam
796 1383 939 1447 breviter
961 1383 1059 1448 liceat
1075 1381 1226 1467 praefari,
1248 1380 1380 1445 fecisse

188 1508 240 1550 me
261 1486 401 1552 libenter
420 1487 461 1551 ad
480 1491 669 1553 contextum
689 1489 767 1553 libri
788 1490 903 1554 melius
927 1488 1200 1571 constituendum,
1218 1490 1264 1565 ut,
1283 1508 1379 1571 quae
1470 1481 1471 1498 ¹

187 1594 320 1657 interim
339 1615 358 1658 a
377 1593 457 1658 viris
473 1594 576 1658 doctis
595 1594 647 1658 vel
666 1595 701 1658 in
719 1594 961 1659 commentariis
976 1594 1100 1659 diurnis
1115 1593 1153 1658 de
1172 1593 1378 1677 quibusdam

184 1699 326 1784 Nepotis
345 1700 428 1765 loeis
446 1700 497 1764 vel
515 1701 733 1784 peculiaribus
754 1701 847 1765 libris
867 1700 905 1764 de
925 1702 1077 1765 universa
1094 1702 1163 1765 eius
1182 1700 1377 1765 elocutione

186 1805 355 1891 disputata
378 1810 501 1885 essent,
526 1807 746 1872 examinarem
771 1812 817 1892 et,
844 1828 926 1892 quae
951 1807 1081 1891 quidem
1106 1807 1314 1891 probassem,
1338 1807 1379 1871 in
1472 1869 1473 1898 ,

186 1934 296 1977 meum
320 1934 415 1977 usum
439 1917 670 1979 converterem.
709 1913 782 1990 Qua
804 1913 838 1977 in
861 1934 896 1977 re
917 1911 1057 1977 Gemssii
1080 1913 1214 1977 monitis
1238 1914 1380 1997 egregie

187 2041 239 2083 me
264 2018 412 2084 adiutum
435 2040 506 2083 esse
533 2021 699 2104 profiteor.
745 2017 914 2084 Nonnulla
937 2020 1036 2083 etiam
1059 2020 1165 2103 recepi
1188 2040 1228 2082 ex
1252 2016 1381 2083 Oobeti
1473 2071 1474 2078 ,

184 2124 352 2210 (Lugduni
370 2123 572 2190 Batavorum
594 2124 695 2210 1881)
720 2128 754 2189 11
772 2123 955 2188 Andreseni
972 2122 1202 2207 Weidnerique
1223 2121 1379 2210 (Lipsiae

187 2227 289 2317 1884)
303 2231 513 2316 editionibus,
526 2236 565 2297 ut
579 2232 629 2296 illi
647 2230 809 2296 nonnulla
828 2252 866 2294 ex
881 2251 954 2294 mea
972 2230 1023 2293 vel
1038 2230 1178 2293 secunda
1192 2230 1245 2294 vel
1261 2232 1379 2296 tertia.
1474 2259 1475 2286 1

184 2336 346 2403 (lebetum
366 2338 495 2422 quidem
514 2336 754 2422 quinquaginta
772 2334 840 2399 fere
858 2336 939 2400 locis
958 2356 1090 2417 prorsus
1110 2334 1256 2419 eandem,
1271 2360 1379 2421 quam

184 2466 246 2527 me,
261 2437 428 2510 nonnullis
448 2448 536 2509 certe
555 2443 698 2508 similem
713 2440 906 2506 emendandi
920 2441 1081 2504 rationem
1100 2440 1200 2504 inisse
1219 2443 1287 2505 iam
1301 2448 1380 2508 tum
1475 2489 1476 2492 κ

110 2609 112 2612 .
183 2551 344 2634 videbam,
367 2572 441 2615 cum
464 2551 599 2615 tertiam
625 2570 731 2614 meam
757 2546 932 2611 editionem
956 2546 1146 2610 conficerem
1170 2545 1302 2633 (1882).

275 2656 316 2722 In
339 2657 610 2721 annotationibus
634 2652 818 2719 scribendis
841 2652 875 2715 id
899 2651 981 2715 mihi
1004 2660 1074 2715 erat
1095 2653 1312 2737 propositum,
1338 2662 1380 2721 ut

183 2764 296 2848 potius
320 2764 554 2846 magistrorum
577 2761 711 2845 ingenia
735 2762 768 2822 et
792 2757 832 2821 ad
856 2757 1037 2822 orationem
1054 2757 1192 2840 Nepotis
1216 2759 1378 2826 subtilius

184 2868 440 2954 dignoscendam
465 2872 498 2931 et
521 2867 562 2931 ad
584 2888 647 2944 res,
667 2884 751 2949 quae
771 2863 812 2926 ab
833 2883 870 2926 eo
893 2862 1073 2945 traduntur,
1097 2862 1280 2927 accuratius
1301 2887 1378 2948 per-

181 2975 355 3061 quirendas
387 2975 575 3057 excitarem,
610 2994 710 3057 quam
744 2968 976 3052 discipulorum
1004 2989 1135 3050 operam
1167 2969 1203 3032 in
1230 2969 1378 3055 legendo

182 3083 342 3168 scriptore
366 3082 581 3146 sublevarem.
619 3077 673 3144 Sic
697 3076 754 3162 qui
778 3075 813 3138 in
836 3073 957 3137 scholis
982 3073 1041 3142 has
1059 3072 1144 3136 vitas
1168 3075 1291 3161 legent,
1316 3079 1380 3144 ubi

180 3189 409 3277 perspexerint
436 3188 504 3252 fere
536 3186 620 3251 nihil
648 3205 684 3249 se
713 3181 755 3247 ad
786 3178 1065 3261 interpretandum
1097 3181 1377 3249 annotationibus

182 3297 339 3378 adiuvari,
363 3318 382 3360 a
405 3297 497 3358 textu
520 3293 592 3377 ipso
616 3311 685 3354 non
709 3283 910 3352 aberrabunt
933 3282 1033 3346 oeulis
1057 3285 1169 3348 auxilii
1193 3291 1378 3370 quaerendi

179 3425 287 3469 eausa.
337 3400 497 3484 Magister
526 3402 637 3462 autem
665 3414 705 3457 ex
734 3385 1005 3454 annotationibus
1033 3391 1176 3474 tantum,
1209 3397 1377 3476 quantum

178 3511 282 3590 volet,
319 3506 360 3572 ad
394 3502 616 3588 explanandas
655 3496 804 3581 singulas
842 3512 894 3555 res
925 3491 1103 3575 depromet.
1158 3493 1256 3560 Certe
1294 3500 1377 3568 illae

178 3615 340 3701 aptiorem
368 3612 515 3676 libellum
545 3606 707 3685 efficiunt,
737 3599 794 3684 qui
823 3619 843 3660 a
864 3596 1119 3679 provectioribus
1151 3622 1285 3685 quoque
1310 3607 1377 3673 dis.

178 3720 299 3805 cipulis
322 3719 374 3783 vel
397 3715 562 3784 formandi
586 3712 656 3778 stili
678 3707 730 3773 vel
754 3725 863 3768 rerum
888 3700 1157 3769 addiscendarum
1181 3726 1283 3772 eausa
1307 3715 1379 3795 pri-

176 3827 264 3893 vatis
289 3824 405 3889 studiis
428 3824 599 3889 recolatur.

269 3965 459 4031 Scribebam
483 3963 623 4029 Silusiae
648 3954 728 4022 anni
754 3949 842 4016 1886
866 3967 977 4011 menso
1001 3944 1097 4011 Maio.

1092 4146 1317 4226 ortmann.
