2959 4759
391 233 395 240 .
510 191 559 248 IV.
586 193 803 250 PAUSANIAS.
825 201 851 252 3.
870 202 895 249 4.
1248 197 1290 261 15

103 355 148 421 Id
173 358 351 439 postquam
371 354 623 420 Lacedaemonii
644 357 838 441 rescierunt,
859 357 986 442 legatos
1010 379 1083 423 cum
1101 359 1226 443 scytale
1248 359 1289 424 ad
1308 376 1325 425 4

106 468 188 511 eum
222 446 396 529 miserunt,
426 446 462 508 in
494 466 559 528 qua
590 466 680 510 more
711 443 877 529 illorum⁸)
915 450 986 511 erat
1023 448 1195 532 scriptum:
1226 449 1290 513 nisi

107 535 247 600 domum
270 537 497 616 reverteretur,
521 555 556 598 se
579 533 696 617 capitis
720 555 793 599 eum
816 534 1037 601 damnaturos.
1082 537 1153 602 Hoc
1175 537 1290 602 nuntio
1309 550 1325 600 5

107 626 311 704 commotus,
336 643 470 706 sperans
494 644 528 687 se
552 622 652 687 etiam
678 626 751 687 tum
773 624 911 707 pecnnia
933 628 967 689 et
992 627 1141 709 potentia
1162 626 1290 691 instans

106 711 294 796 periculum
308 732 405 794 posse
419 709 589 795 depellere,
604 709 735 776 domum
750 712 856 777 rediit
873 710 924 777 Εο
938 716 975 777 ut
987 714 1088 796 venit,
1101 714 1143 779 ab
1158 715 1290 798 ephoris

107 803 149 865 in
168 799 350 865 custodiam
367 799 534 883 publicam
551 804 601 864 est
619 801 798 865 coniectus:
817 800 895 866 licet
909 801 995 866 enim
1014 803 1141 887 legibus
1160 804 1290 868 illorum

107 889 217 955 cuivis
227 888 350 972 ephoro
361 888 424 953 hoc
437 888 545 954 facere
554 890 605 953 vel
618 889 689 972 regi
695 886 730 975 ⁹).
744 888 831 954 Hinc
840 894 951 955 tamen
961 912 995 955 se
1006 890 1177 975 expedivit,
1186 913 1290 977 neque

109 1000 150 1044 eo
165 979 271 1062 magis
286 978 420 1042 carebat
434 978 633 1061 suspicione:
647 979 804 1043 manebat
818 980 904 1043 enim
919 980 1029 1062 opinio
1044 1001 1117 1045 eum
1127 1002 1200 1045 cum
1213 1001 1290 1064 rege

108 1068 236 1133 habere
255 1067 454 1131 societatem.
484 1066 546 1132 llst
564 1075 666 1152 genus
686 1067 848 1152 quoddam
867 1068 1044 1152 hominum,
1058 1067 1143 1153 quod
1157 1067 1289 1134 Hilotae
1308 1083 1324 1131 6

107 1160 258 1240 vocatur,
272 1176 410 1239 quorum
429 1176 550 1240 magna
565 1155 740 1220 multitudo
757 1176 853 1240 agros
866 1155 1197 1222 Lacedaemoniorum
1211 1159 1291 1223 colit

109 1265 345 1328 servorumque
364 1265 497 1308 munere
514 1243 672 1329 fungitur.
699 1242 770 1309 Hos
790 1267 917 1329 quoque
932 1245 1106 1310 sollicitare
1126 1268 1182 1330 spe
1196 1247 1290 1311 liber·

108 1334 193 1399 tatis
209 1333 467 1397 existimabatur.
496 1330 558 1397 Sed
574 1332 658 1417 quod
672 1354 783 1398 earum
797 1356 904 1398 rerum
917 1336 1046 1400 nullum
1056 1338 1126 1399 erat
1140 1338 1289 1419 apertum
1309 1347 1324 1395 7

109 1424 245 1506 crimen,
261 1443 325 1506 quo
340 1421 474 1505 coargui
487 1424 609 1506 posset,
627 1443 694 1486 non
712 1423 875 1505 putabant
889 1423 929 1487 de
942 1424 1003 1488 tali
1016 1425 1086 1488 viro
1101 1424 1291 1509 suspicioni-

108 1512 174 1577 bus
194 1514 346 1594 oportere
364 1510 501 1574 iudicari
515 1514 548 1574 et
561 1511 826 1597 exspectandum,
839 1511 916 1576 dum
931 1534 965 1577 se
984 1514 1056 1597 ipsa
1074 1534 1127 1578 res
1141 1514 1290 1598 aperiret.

137 1607 140 1612 ’
201 1598 258 1665 IV.
282 1598 420 1663 Interim
439 1595 631 1689 Argiliusffl)
655 1600 787 1683 quidam
806 1600 1080 1685 adulescentulus,
1099 1623 1195 1687 quem
1213 1624 1289 1686 pue·
1311 1614 1323 1660 1

107 1711 186 1755 rum
209 1687 389 1752 Pausanias
413 1687 583 1771 dilexerat,
606 1709 678 1752 cum
703 1689 875 1772 epistulam
899 1690 940 1754 ab
964 1712 1002 1755 eo
1027 1691 1067 1755 ad
1091 1691 1290 1756 Artabazum

109 1778 306 1861 accepisset,
334 1776 427 1861 eique
449 1776 485 1840 in
507 1776 727 1860 suspicionem
754 1778 897 1843 venisset
924 1778 1046 1863 aliquid
1073 1780 1108 1843 in
1132 1801 1170 1844 ea
1193 1780 1232 1844 de
1255 1802 1289 1844 se

109 1888 183 1932 esse
212 1865 385 1950 scriptum,
412 1865 498 1948 quod
525 1886 620 1929 nemo
650 1887 762 1930 eorum
789 1866 942 1953 redisset,
970 1868 1027 1952 qui
1054 1868 1169 1933 eodem
1198 1869 1291 1933 missi

111 1958 220 2039 erant,
251 1954 380 2019 vincula
412 1953 573 2037 epistulae
604 1954 727 2019 laxavit
759 1955 917 2040 signoque
949 1955 1094 2022 detracto
1126 1959 1290 2043 cognovit,

110 2044 140 2108 si
162 2043 364 2127 pertulisset,
387 2041 450 2107 sibi
473 2064 544 2107 esse
566 2042 774 2127 pereundum.
821 2042 965 2129 Oumque
988 2048 1096 2110 essent
1118 2046 1153 2110 in
1176 2045 1324 2111 cedema

111 2132 254 2216 epistula
277 2152 360 2215 qnae
385 2131 426 2195 ad
444 2153 483 2195 ea
505 2133 714 2216 pertinerent,
737 2154 820 2216 quae
842 2133 928 2197 inter
949 2155 1060 2219 regem
1078 2134 1288 2200 Pausaniam·

111 2243 174 2305 que
198 2220 435 2304 convenissent,
458 2220 512 2284 ille
533 2221 662 2285 litteras
686 2219 817 2304 ephoris
840 2222 983 2286 tradidit.
1027 2221 1104 2288 Non
1127 2227 1176 2288 est
1198 2238 1325 2307 prae-3

109 2308 270 2375 tereunda
283 2308 347 2373 hoc
361 2309 433 2373 loco
453 2309 598 2393 gravitas
606 2307 645 2396 Π)
664 2308 1005 2375 Lacedaemoniorum.
1027 2310 1113 2377 Nam
1132 2333 1174 2375 ne
1192 2312 1289 2377 huius

111 2398 242 2483 quidem
266 2398 386 2462 indicio
414 2398 547 2482 impulsi
571 2403 662 2482 sunt,
685 2402 722 2463 ut
744 2397 942 2463 Pausaniam
971 2400 1289 2485 comprehenderent,

109 2509 217 2574 neque
244 2486 336 2572 prius
359 2487 427 2550 vim
456 2486 671 2551 adhibendam
693 2491 906 2572 putaverunt,
930 2511 1028 2573 quam
1052 2491 1177 2573 seipse
1208 2490 1289 2555 indi·

111 2581 226 2641 casset
253 2575 368 2659 Itaque
387 2574 438 2638 illi
453 2574 704 2659 adulescentulo,
719 2577 797 2661 quid
818 2577 890 2642 fieri
905 2578 1035 2662 vellent,
1049 2583 1289 2662 praeceperunt.
1307 2595 1325 2642 4

110 2664 240 2730 Fanum
257 2662 404 2747 Neptuni
423 2666 474 2728 est
493 2662 640 2743 Taenari,
664 2665 750 2749 quod
770 2666 887 2732 violari
909 2667 1001 2732 nefas
1024 2671 1144 2752 putant
1163 2666 1287 2734 Graeci.

110 2754 161 2819 Eo
194 2753 250 2817 ille
281 2752 430 2837 confugit
460 2753 494 2816 in
527 2774 646 2836 araque
679 2755 835 2821 consedit.
880 2754 975 2821 Hanc
1006 2753 1143 2842 iuxta¹²)
1179 2758 1286 2822 locum

110 2843 260 2907 fecerunt
283 2841 343 2905 sub
366 2846 462 2924 terra,
486 2862 606 2925 exque
629 2848 742 2925 posset
765 2842 878 2925 audiri,
901 2844 929 2909 si
949 2845 1021 2930 quis
1040 2846 1117 2930 quid
1140 2847 1286 2929 loquere-

110 2933 165 2995 tur
188 2952 262 2994 cum
282 2930 409 3014 Argilio
417 2926 467 3015 13).
498 2929 548 2995 Eo
568 2951 607 2993 ex
625 2930 757 3013 ephoris
776 2931 907 3016 quidam
926 2934 1169 2999 descenderunt.
1206 2935 1324 3000 Pau-e

111 3019 236 3104 sanias,
263 3023 301 3082 ut
329 3018 454 3083 audivit
480 3017 644 3104 Argilium
672 3020 859 3106 confugisse
886 3022 921 3085 in
948 3044 1054 3101 aram,
1080 3023 1289 3106 perturbatus

111 3109 227 3172 eodem
249 3107 346 3171 venit.
379 3106 462 3173 Cum
486 3113 596 3172 autem
619 3108 800 3192 supplicem
819 3109 871 3173 dei
894 3109 1017 3174 videret
1039 3111 1074 3175 in
1097 3133 1153 3175 ara
1177 3112 1290 3176 seden-

108 3200 186 3278 tem,
211 3196 349 3280 quaerit,
372 3217 489 3261 causae
507 3195 585 3280 quid
608 3195 652 3260 sit
674 3201 744 3261 tam
766 3198 929 3280 repentini
948 3199 1086 3264 consilii.
1117 3198 1204 3264 Huic
1221 3201 1290 3285 ille,

109 3286 189 3371 quid
213 3305 254 3348 ex
276 3285 398 3349 litteris
422 3284 642 3368 comperisset,
665 3286 780 3368 aperit.
810 3285 909 3352 Modo
932 3284 1084 3375 magis1⁴)
1106 3287 1287 3354 Pausanias
1308 3306 1325 3354 e

107 3373 320 3460 perturbatus
345 3394 438 3437 orare
457 3375 574 3458 coepit,
595 3395 637 3437 ne
661 3375 845 3439 enuntiaret
866 3398 925 3441 nec
944 3399 979 3441 se
998 3378 1151 3442 meritum
1171 3377 1209 3442 de
1228 3378 1288 3444 illo

109 3463 235 3548 optime
257 3462 422 3546 proderet:
450 3463 536 3546 quod
559 3463 588 3526 si
611 3483 682 3527 eam
705 3463 835 3529 veniam
862 3466 926 3531 sibi
950 3466 1091 3532 dedisset
1122 3467 1288 3551 tantisque

107 3547 359 3637 implicatum1⁵)
379 3551 475 3616 rebus
491 3552 702 3636 sublevasset,
720 3574 841 3638 magno
856 3554 891 3619 id
908 3556 959 3619 illi
972 3556 1117 3641 praemio
1132 3556 1288 3622 futurum.
1390 3599 1397 3608 -

113 3686 116 3692 ι
146 3727 168 3794 ⁸)
185 3723 672 3796 D.h.nichtinlakonischerKflrue,
765 3728 798 3797 1¹)
818 3727 965 3785 Sittlicher
983 3730 1068 3787 Ernst
1081 3762 1116 3773 -
1130 3732 1289 3803 Gegensata

110 3797 234 3851 sondern
253 3796 303 3850 der
316 3796 466 3850 Ansdruclx
484 3797 595 3852 beaieht
612 3798 672 3854 sich
726 3799 837 3855 levitas.

109 3867 160 3922 anf
172 3868 223 3921 das
232 3867 303 3922 eben
317 3868 461 3921 erwahnte
475 3884 538 3922 cum
549 3869 671 3939 scytale,
766 3869 798 3939 ¹²)
817 3874 899 3927 Anm.
918 3890 953 3925 zu
972 3871 1073 3930 Chabr.
1091 3873 1127 3942 II,
1146 3879 1171 3929 3.

111 3938 156 3993 die
183 3938 403 4007 cigentumliehe
430 3940 482 3992 Art
509 3940 559 3994 der
585 3927 672 3996 llber-
766 3941 800 4011 ¹⁸)
824 3940 893 3996 Hier
919 3944 961 3997 als
989 3945 1213 4000 Personenname
1241 3963 1289 4016 ge·

6 4047 8 4052 -
112 4010 241 4078 sendung
259 4024 316 4064 von
334 4010 507 4079 Depeschen.
727 4013 856 4081 braucht,
875 4014 928 4068 wie
947 4016 1020 4070 auch
1038 4015 1072 4084 V,
1093 4021 1118 4071 1.

766 4084 800 4153 14)
819 4083 853 4139 D.
863 4085 892 4141 h.
902 4102 955 4138 nur
963 4087 1037 4141 noch
1046 4088 1134 4142 mehr.
1155 4087 1191 4142 So
1201 4087 1289 4142 findet

113 4114 675 4259 ...ireirrisurus:
728 4154 1054 4291 erasurus
1068 4157 1289 4299 lustttu

113 4257 252 4326 starchus,
271 4258 378 4313 Schnes
397 4259 612 4315 des-Leonidas.
728 4297 777 4353 be,
799 4300 896 4354 morbo
921 4300 989 4355 oder
1011 4300 1041 4354 in
1060 4302 1189 4356 morbum
1212 4301 1288 4356 steht

155 4363 188 4432 ³⁰)
208 4367 266 4419 Aus
285 4363 335 4419 der
354 4363 437 4420 Stadt
453 4365 574 4436 Argilus.
728 4368 1287 4441 implicitusGim.IIl,4undAges.VHl,6.
