2959 4759
503 215 604 272 XVIII.
637 214 820 273 EUMENES.
844 223 868 273 7.
888 221 914 273 8.
1251 214 1293 280 67
1402 169 1405 174 ⁴

121 378 267 464 Philippi
286 380 399 445 domus
423 401 460 444 ac
478 378 622 444 familiae
640 379 881 445 inimicissimos
901 380 1033 464 stirpem
1053 399 1180 463 quoque
1199 378 1295 443 inter-

119 467 235 552 imere,
263 468 425 555 ferretque
456 490 550 552 opem
573 468 683 534 liberis
692 464 730 555 14)
755 469 939 533 Alexandri.
985 465 1089 543 Quam
1113 467 1241 532 veniam
1265 469 1330 536 sir

120 556 224 642 daret,
247 558 508 641 quamprimum
532 558 692 622 exercitus
715 560 861 642 pararet,
884 578 964 642 quos
987 555 1049 621 sibi
1073 554 1217 621 subsidio
1241 556 1293 621 ad-

119 645 259 711 duceret.
300 645 337 710 Id
357 667 420 730 quo
443 646 570 711 facilius
593 644 724 730 faceret,
748 667 782 710 se
806 647 956 710 omnibus
974 644 1147 731 praefectis
1167 645 1293 710 misisse

117 735 263 819 litteras,
285 738 324 799 ut
346 734 375 799 ei
398 738 549 819 parerent
572 735 703 819 eiusque
726 735 871 800 consiliis
894 737 1070 799 uterentur.
1115 732 1177 798 His
1196 734 1292 799 rebus
1312 753 1328 801 o

118 822 285 888 Eumenes
309 827 475 906 permotus
499 823 601 888 satius
625 823 724 908 duxit,
747 824 775 887 si
798 824 846 888 lta
868 824 997 888 tulisset
1018 822 1165 906 fortuna,
1188 822 1292 906 perire

118 914 203 977 bene
227 912 353 976 meritis
377 912 568 977 referentem
592 912 732 996 gratiam
756 934 854 997 quam
876 912 1042 998 ingratum
1066 910 1181 976 vivere.

207 998 283 1066 VII.
315 1000 428 1086 Itaque
457 1001 567 1085 copias
595 1001 772 1079 contraxit,
801 1001 987 1086 bellumque
1015 997 1169 1063 adversus
1197 1000 1326 1068 Anti-r

120 1110 243 1176 gonum
263 1090 473 1174 comparavit.
510 1087 573 1154 Sed
597 1090 681 1173 quod
705 1111 771 1154 una
789 1101 883 1155 erant
901 1087 1092 1155 Macedones
1111 1087 1292 1173 complures

117 1178 260 1262 nobiles,
288 1180 323 1243 in
351 1179 402 1244 his
425 1178 610 1260 Peucestes,
640 1179 695 1262 qui
718 1179 864 1262 corporis
887 1182 997 1242 eustos
1025 1174 1133 1241 fuerat
1156 1177 1292 1241 Alexan·

118 1265 230 1352 dri²⁶),
257 1270 460 1332 tumentem
484 1266 652 1332 obtinebat
673 1266 855 1352 Persidem,
879 1270 911 1331 et
934 1260 1172 1351 Antigenes¹⁶),
1201 1267 1292 1330 ouius

118 1357 178 1421 sub
207 1357 344 1441 imperio
377 1355 525 1441 phalanx
553 1360 624 1420 erat
651 1354 879 1438 Macedonum,
910 1355 1065 1420 invidiam
1096 1354 1230 1439 veritus,
1263 1355 1292 1418 si

73 1449 77 1454 ’
117 1446 229 1530 potius
252 1446 322 1529 ipse
346 1444 528 1529 alienigena
551 1466 678 1509 summa
700 1444 830 1527 imperii
851 1443 1028 1528 potiretur,
1053 1464 1149 1527 quam
1173 1443 1290 1527 aliquis

117 1532 352 1617 Macedonum,
387 1533 421 1597 in
457 1533 626 1617 principiis
666 1532 842 1597 Alexandri
878 1532 1008 1597 nomine
1043 1532 1328 1601 tabernaculuma

118 1623 235 1687 statuit
265 1623 301 1685 in
334 1643 435 1707 eoque
469 1622 582 1686 sellam
616 1643 746 1687 auream
779 1642 851 1685 oum
885 1625 1013 1704 seeptro
1041 1642 1079 1685 ac
1109 1619 1290 1685 diademate

117 1712 215 1776 iussit
237 1710 315 1794 poni
343 1731 445 1797 eoque
473 1732 586 1775 omnes
609 1710 726 1775 cotidie
749 1709 937 1792 convenire,
965 1713 1001 1773 ut
1023 1708 1071 1773 ibi
1094 1708 1133 1772 de
1157 1709 1292 1773 summis

117 1800 214 1865 rebus
234 1798 371 1864 consilia
389 1803 592 1884 caperentur:
616 1798 743 1862 minore
761 1798 847 1862 enirn
866 1820 901 1862 se
919 1794 1088 1883 invidia¹⁷)
1107 1797 1177 1862 fore
1196 1801 1292 1881 puta-

117 1889 184 1974 bat,
208 1887 237 1953 si
256 1888 363 1971 speeie
382 1888 507 1971 imperii
525 1886 730 1970 nominisque
750 1886 956 1951 simulatione
970 1885 1147 1951 Alexandri
1166 1886 1290 1951 bellum

117 1976 283 2043 rideretur
306 1976 541 2041 administrare.
576 1973 690 2059 Itaque
709 1996 783 2040 cum
801 1995 868 2040 non
887 1976 928 2039 ad
945 1974 1102 2040 Eumenis
1120 1975 1324 2060 principiae

117 2066 177 2131 sed
201 2064 242 2130 ad
264 2064 355 2149 regia
379 2063 606 2130 conveniretur
633 2068 732 2148 atque
755 2063 802 2128 ibi
826 2064 864 2128 de
889 2064 1025 2128 summis
1051 2063 1147 2129 rebus
1171 2063 1288 2129 delibe-

117 2159 253 2232 raretur,
276 2156 346 2239 ipse
366 2153 504 2237 quodam
529 2152 624 2217 modo
643 2151 776 2232 latebat,
799 2174 871 2217 oum
893 2157 1004 2217 tamen
1022 2174 1198 2236 perunum
1217 2174 1289 2218 eum

118 2244 228 2309 omnia
251 2246 447 2327 gererentur.

205 2330 295 2395 VIII.
319 2328 474 2396 Oonflixit
495 2351 568 2394 cum
592 2327 761 2414 Antigono
784 2330 819 2394 in
841 2328 1038 2412 Paraetacis,
1059 2351 1127 2394 non
1147 2332 1188 2412 [a
1205 2331 1284 2412 316]
1307 2356 1320 2404 1

116 2423 184 2488 acie
198 2422 367 2503 instructa,
381 2417 486 2483 sedin
504 2418 631 2503 itinere,
650 2440 788 2503 eumque
806 2419 892 2483 male
911 2423 1079 2505 acceptum
1097 2420 1132 2483 in
1146 2418 1286 2484 Mediam

115 2510 293 2576 hiematum
316 2508 422 2593 coegit
445 2506 558 2571 redire.
595 2505 671 2591 Ipse
693 2508 727 2570 in
747 2507 886 2572 finitima
908 2507 1040 2592 regione
1058 2506 1201 2572 Persidis
1219 2508 1287 2572 hie·

114 2602 239 2663 matum
253 2597 362 2679 copias
378 2596 498 2679 divisit,
510 2616 577 2661 non
590 2599 628 2659 ut
640 2596 710 2679 ipse
725 2596 865 2681 volebat,
880 2597 934 2661 sed
947 2599 984 2660 ut
994 2595 1135 2661 militum
1149 2598 1287 2681 cogebat

113 2687 276 2753 voluntas.
317 2683 467 2770 Namque
486 2684 544 2749 illa
566 2684 710 2770 phalanx
728 2684 906 2750 Alexandri
925 2684 1048 2772 Magni,
1071 2707 1153 2770 quae
1172 2685 1285 2751 Asiam
1305 2710 1321 2758 2

113 2779 306 2860 peragrarat
342 2773 566 2858 deviceratque
598 2772 728 2859 Persas,
759 2775 938 2840 inveterata
970 2796 1043 2840 cum
1075 2775 1180 2858 gloria
1215 2778 1285 2839 tum

115 2865 214 2928 etiam
237 2864 381 2945 licentia,
398 2884 464 2927 non
484 2884 597 2946 parere
616 2884 651 2926 se
670 2862 814 2946 ducibus,
833 2863 888 2927 sed
912 2864 1071 2947 imperare
1089 2863 1286 2949 postulabat,

115 2953 152 3015 ut
183 2971 271 3013 nuno
302 2952 444 3014 veterani
480 2949 605 3013 faciunt
636 2952 750 3015 nostri.
804 2952 917 3035 Itaque
948 2951 1127 3035 periculum
1162 2955 1213 3017 est
1244 2975 1286 3018 ne

114 3037 247 3120 iaciant,
266 3036 350 3120 quod
370 3037 419 3100 illi
437 3036 592 3114 fecerunt,
615 3058 673 3101 sua
696 3037 947 3123 intemperantia
968 3040 1132 3123 nimiaque
1155 3040 1286 3105 licentia

113 3131 150 3192 ut
178 3124 288 3191 omnia
316 3125 452 3208 perdant
478 3145 582 3210 neque
591 3122 630 3210 ¹⁸)
660 3125 768 3190 minus
796 3148 865 3209 eos,
893 3147 967 3191 cum
995 3128 1112 3211 quibus
1142 3126 1286 3213 fecerint,

114 3236 211 3302 quam
226 3213 379 3280 adversus
395 3234 476 3298 quos
496 3215 655 3279 steterint.
688 3212 810 3290 Quodsi
826 3215 896 3299 quis
915 3215 1045 3280 illorum
1058 3214 1148 3301 legat
1162 3219 1284 3281 vetera·
1304 3242 1320 3291 3

115 3326 228 3370 norum
256 3302 356 3389 fecta,
385 3303 479 3388 paria
509 3302 626 3368 horum
654 3310 833 3388 eognoscat
861 3325 964 3388 neque
992 3326 1060 3369 rem
1086 3306 1188 3369 ullam
1221 3307 1285 3370 nisi

113 3399 239 3478 tempus
275 3393 431 3458 interesse
466 3391 595 3457 iudicet
646 3390 708 3457 Sed
746 3393 787 3458 ad
823 3392 900 3460 illos
936 3396 1087 3459 reverter.
1138 3393 1285 3459 Hiberna

23 3539 24 3558 ,
114 3487 318 3566 sumpserant
348 3503 416 3547 non
447 3480 488 3546 ad
520 3504 615 3547 usum
647 3481 739 3562 belli,
777 3482 833 3547 sed
866 3482 907 3547 ad
939 3482 1083 3569 ipsorum
1114 3483 1284 3568 luxuriam,

113 3573 274 3656 longeque
296 3571 381 3635 inter
404 3592 438 3635 se
457 3570 681 3636 discesserent.
725 3568 796 3646 Quo
814 3571 1002 3657 Antigonus
1021 3578 1187 3655 comperto
1210 3594 1320 3650 cum4

150 3745 183 3805 ¹⁴)
202 3744 239 3799 Es
253 3743 329 3799 lebte
343 3744 415 3799 noch
430 3744 476 3799 ein
489 3744 670 3801 unehelioher
723 3746 781 3800 Der
798 3745 945 3801 Ausdruck
969 3745 1066 3801 liberis
1088 3746 1127 3801 ist
1150 3747 1210 3801 also
1234 3764 1284 3801 un·

113 3815 188 3871 Sohn
196 3813 377 3883 Alexandera,
387 3816 526 3884 Heraclea,
540 3817 598 3870 und
611 3817 670 3870 sein
724 3832 824 3887 genau

113 3885 670 3955 nachgeborenarSohnvonderRoxane‚
762 3887 796 3956 ¹⁶)
810 3888 892 3942 Anm.
902 3906 936 3942 an
944 3888 1027 3943 Ham.
1034 3887 1056 3957 1,
1064 3893 1089 3942 2.
1110 3887 1284 3960 Esliegtain

114 3956 268 4012 Alexander
280 3955 383 4026 Agens.
415 3957 490 4012 Aber
507 3975 560 4012 nur
579 3958 671 4012 dieser
723 3958 858 4027 gewisser
872 3958 1042 4014 Nachdruck
1060 3959 1110 4014 auf
1122 3960 1282 4028 Alexandri,

112 4027 670 4098 letatereundAlexandersblddsinniger
723 4045 805 4084 wenn
832 4029 891 4084 dies
919 4030 1002 4085 Wort
1034 4032 1107 4085 auch
1133 4030 1214 4086 nicht
1244 4032 1283 4085 im

113 4098 288 4155 Hnlbbruder
329 4099 478 4169 Philippus
516 4098 670 4155 Arrhidens
725 4100 898 4170 Gegensatze
930 4100 1014 4156 steht.
1060 4101 1171 4158 Ebenso
1194 4101 1281 4171 ΧΗ

113 4187 203 4226 waren
231 4174 284 4225 323
312 4170 354 4225 als
376 4167 487 4240 Kenige
514 4169 670 4225 anerkannt
723 4173 775 4226 auf
789 4170 931 4226 victoriae.
1037 4180 1039 4185 '

113 4240 232 4310 worden,
247 4239 305 4296 und
319 4242 364 4296 filr
377 4242 417 4296 sie
431 4242 543 4296 fehrten
557 4241 669 4296 Perdic-
761 4241 794 4311 ¹⁶)
814 4245 893 4296 Anm.
913 4260 946 4297 au
966 4243 999 4311 V,
1019 4247 1042 4298 1.

113 4328 172 4383 eas,
203 4310 355 4382 Antipater
386 4313 443 4367 und
474 4312 668 4383 Polyperchon
761 4313 795 4380 17)
811 4310 892 4368 Anm.
913 4330 946 4368 au
963 4314 1027 4369 Dat.
1042 4313 1076 4382 V,
1096 4319 1120 4369 8.

112 4385 182 4439 nach
214 4382 347 4441 eihandcr
379 4383 424 4439 die
456 4383 666 4455 Regentschaft.
760 4383 793 4454 18)
811 4382 892 4441 Anm.
911 4403 945 4440 an
961 4385 1045 4455 Ager.
1063 4385 1111 4456 VI,
1130 4391 1156 4442 8.

1027 4475 1066 4528 5*
