2959 4759
168 153 211 219 66
574 152 674 209 XVIII.
703 151 886 208 EUMENES.
910 161 934 209 6.

135 333 152 381 a
171 316 375 401 frangebant,
386 320 504 381 tamen
523 317 722 383 minuebant.
764 315 878 401 ltaque
896 339 968 381 eum
987 338 1184 404 persequens
1205 318 1342 400 [1320]

171 402 416 491 Antigonusffl),
444 428 517 470 cum
540 407 629 472 omni
649 426 766 491 genere
789 406 957 488 copiarum
976 406 1163 490 abundaret,
1187 428 1284 490 saepe
1305 407 1342 471 in

170 494 343 560 itineribus
362 494 548 580 vexabatur,
570 517 674 580 neque
697 515 852 578 umquam
875 495 915 559 ad
938 516 1069 559 manum
1093 495 1243 561 accedere
1265 494 1342 560 lice·

136 600 152 648 3
172 584 230 649 bat
252 584 317 648 nisi
340 583 380 647 iis
403 584 482 649 locis
489 635 498 665 ,
522 583 638 669 quibus
661 582 757 667 pauci
781 583 891 648 multis
914 587 1049 668 possent
1072 585 1232 649 resistere.
1278 582 1342 649 Sed

171 676 314 737 extremo
329 676 475 756 tempore
485 670 659 757 Eumenes,
673 692 745 737 cum
760 671 897 737 consilio
912 673 983 756 capi
996 694 1062 738 non
1073 677 1192 757 posset,
1208 674 1249 752 [a
1259 673 1340 754 319]

170 760 379 826 multitudine
402 762 638 827 circumventus
662 765 720 826 est.
759 759 843 825 Hinc
861 765 971 825 tamen
990 762 1101 826 multis
1123 762 1190 827 suis
1209 761 1342 827 amissis

169 871 204 914 se
228 849 391 933 expedivit
414 855 448 916 et
469 850 504 914 in
526 850 695 916 castellum
719 844 953 933 Cappadociae,
976 850 1060 934 quod
1083 848 1174 915 Nora
1197 850 1342 935 appella-

132 945 235 1023 4tur,
263 938 420 1023 confugit.
465 937 505 1003 In
536 960 599 1024 quo
632 959 705 1003 cum
738 939 970 1004 circumsessus
997 944 1172 1021 vereretur,
1203 960 1244 1002 ne
1275 961 1344 1003 uno

168 1028 240 1093 loco
263 1049 398 1092 manens
418 1049 518 1111 equos
541 1028 699 1093 militares
716 1027 879 1112 perderet,
898 1028 982 1111 quod
1007 1030 1148 1111 spatium
1171 1048 1237 1092 non
1256 1032 1346 1092 esset

169 1116 330 1202 agItandi,
362 1116 515 1181 callidum
542 1115 605 1181 fuit
633 1118 703 1181 eius
731 1115 915 1199 inventum,
947 1115 1216 1201 quemadmodum
1249 1119 1346 1181 stans

168 1206 350 1270 iumentum
374 1205 575 1270 concalefieri
599 1201 805 1289 exercerique
827 1207 953 1289 posset,
981 1208 1018 1269 ut
1039 1228 1060 1269 a
1082 1205 1227 1288 corporis
1251 1208 1346 1269 motu

133 1310 235 1358 cnon
266 1297 428 1358 remotum
461 1294 559 1357 etiarn
589 1294 662 1359 cibo
694 1292 851 1358 libentius
884 1296 1036 1358 uteretur.
1091 1292 1346 1377 Substringebat

169 1385 267 1466 caput
290 1382 362 1447 loro
393 1381 506 1463 altius,
538 1403 636 1466 quam
666 1384 705 1446 ut
733 1382 896 1466 prioribus
928 1382 1063 1465 pedibus
1092 1383 1188 1464 plane
1221 1384 1346 1446 terram

168 1474 281 1554 posset
310 1470 485 1555 attingere,
514 1470 627 1535 deinde
654 1468 775 1556 postu)
803 1471 989 1535 verberibus
1018 1472 1154 1557 cogebat
1182 1472 1345 1535 exsultare

169 1562 202 1623 et
224 1559 328 1623 calces
350 1559 527 1623 remittere:
551 1559 606 1643 qui
626 1562 735 1623 motus
758 1581 825 1623 non
848 1558 953 1623 minus
978 1559 1128 1624 sudorem
1152 1560 1343 1643 excutiebat,

133 1663 149 1712 1
169 1668 266 1732 quam
286 1648 314 1711 si
333 1646 367 1711 in
387 1647 494 1730 spatio
513 1648 746 1713 decurreretur.
784 1645 854 1723 Quo
873 1648 995 1713 factum
1014 1648 1172 1732 estquod
1191 1647 1343 1712 omnibus

168 1736 317 1800 mirabile
346 1740 397 1799 est
425 1736 547 1819 visum,
574 1741 624 1816 ut,
654 1757 727 1800 eum
751 1736 934 1820 complures
957 1758 1084 1801 menses
1112 1736 1147 1800 in
1175 1736 1345 1801 obsidione

167 1825 297 1908 fuisset,
327 1845 428 1908 aeque
455 1826 601 1889 iumenta
628 1823 733 1889 nitida
763 1846 801 1888 ex
829 1824 962 1889 castello
992 1826 1153 1910 educeret,
1185 1846 1223 1890 ac
1252 1826 1280 1890 si
1309 1826 1346 1889 in

134 1929 149 1978 '1
169 1912 403 2001 campestribus
428 1934 467 1977 ea
484 1911 567 1978 locis
591 1913 769 1978 habuisset
805 1912 869 1978 Sed
890 1914 925 1977 in
948 1914 1005 1978 illa
1028 1915 1243 1998 conclusione,
1266 1934 1346 1998 quo·

168 2002 389 2086 tienscumque
417 2002 535 2086 voluit,
568 2005 761 2086 apparatum
788 2007 822 2066 et
850 2002 1046 2068 munitiones
1072 2002 1234 2085 Antigoni
1261 2002 1346 2067 alias

168 2091 319 2173 incendit,
347 2090 427 2155 alias
450 2090 586 2155 disiecit.
633 2090 753 2155 Tenuit
783 2094 890 2155 autem
914 2112 949 2155 se
971 2113 1036 2156 uno
1060 2093 1131 2157 loco
1155 2112 1213 2174 per
1235 2094 1346 2155 totum

168 2200 289 2244 annum
312 2185 345 2245 et
369 2201 465 2263 quam
489 2179 543 2244 diu
566 2178 672 2243 hiems
694 2179 772 2257 fuit,
801 2180 887 2265 quod
910 2185 1017 2244 castra
1041 2180 1100 2244 sub
1124 2179 1199 2244 divo
1221 2178 1346 2244 habere

167 2289 235 2333 non
270 2271 408 2353 potarat.
465 2266 533 2333 Ubi
569 2290 625 2333 rer
666 2267 964 2354 appropinquabat,
1006 2268 1158 2333 simulata
1196 2269 1344 2350 [1318]

168 2356 345 2440 deditione,
378 2356 454 2421 dum
481 2356 520 2421 de
552 2356 795 2422 condicionibus
824 2360 957 2440 tractat,
984 2356 1158 2440 praefectis
1182 2357 1347 2441 Antigoni

52 2495 55 2499 ’
134 2449 324 2598 1¹¹²⁰¹'⁰⁵v¹¹1¹.t
338 2465 520 2617 1111111
528 2449 966 2619 ttttltlttlt
968 2441 1167 2618 “illiniti
1195 2534 1347 2598 111.

168 2626 256 2686 teras
284 2626 318 2685 et
343 2622 475 2685 nuntios
503 2621 647 2686 misisset
674 2623 707 2685 in
732 2623 846 2686 Asiam
878 2623 1091 2708 repetitumne
1118 2620 1344 2687 Macedoniam

168 2711 291 2774 veniret
313 2706 403 2796 (narn
427 2713 497 2773 tum
520 2710 555 2773 in
577 2709 680 2793 Epiro
704 2707 892 2797 habitabat)
917 2715 950 2776 11
971 2733 1079 2776 rerum
1102 2711 1147 2774 ibi
1172 2711 1344 2795 potiretur,

132 2797 224 2863 11111
261 2798 399 2880 primum
437 2798 554 2881 suasit,
588 2819 630 2862 ne
667 2820 701 2862 se
739 2802 885 2863 moveret
918 2804 950 2865 et
983 2803 1199 2884 exspectaret,
1225 2800 1345 2883 -quoad

169 2886 347 2951 Alexandri
378 2886 464 2951 filius
497 2908 634 2973 regnum
667 2887 912 2971 adipiscereturz
945 2888 1137 2973 sinaliqua
1167 2888 1346 2971 cupiditate

169 2980 337 3058 raperetur
364 2975 399 3039 in
426 2973 664 3062 Macedoniam,
695 2977 839 3041 omnium
871 2977 1063 3041 iniuriarum
1096 2976 1200 3042 oblita
1227 2978 1264 3041 in
1290 2999 1345 3041 ne

133 3083 149 3132 3
170 3066 289 3128 minem
314 3064 478 3130 acerbiore
506 3068 650 3130 uteretur
678 3065 823 3149 imperio.
869 3065 995 3129 Horum
1024 3069 1175 3131 neutrum
1200 3067 1243 3145 [1.
1262 3067 1344 3147 317]

168 3153 227 3217 illa
248 3152 338 3217 fecitr
361 3175 438 3217 nam
461 3156 495 3216 et
516 3153 550 3218 in
573 3152 799 3218 Macedoniam
822 3153 969 3237 profecta
992 3158 1041 3218 est
1065 3158 1098 3219 et
1120 3154 1344 3218 crudelissime

168 3242 214 3305 ibi
238 3262 272 3306 se
296 3242 406 3327 gessit.
451 3240 551 3305 Petiit
574 3246 682 3307 autem
708 3242 750 3306 ab
776 3240 920 3306 Eumene
944 3242 1089 3327 absente,
1110 3263 1152 3305 ne
1174 3245 1344 3326 pateretur

207 3396 240 3466 l⁰)
258 3396 357 3451 Dieser
375 3398 453 3451 batte
472 3398 527 3451 den
539 3396 659 3466 Auftrag
678 3397 726 3452 be·
782 3396 858 3451 wohl
872 3397 982 3464 wulste,
997 3398 1059 3452 dass
1072 3397 1232 3467 Antigonus
1247 3399 1344 3453 diesen

167 3466 308 3535 kcmmen,
327 3468 372 3521 die
385 3465 555 3522 Reichsacht
573 3484 609 3521 an
627 3466 727 3522 Eume·
781 3465 836 3519 Eid
858 3468 904 3523 fur
926 3469 1006 3523 nicht
1032 3471 1181 3540 geuugend
1210 3472 1343 3525 erachten

167 3555 218 3593 nes
241 3557 274 3592 zu
292 3538 479 3594 vollstreeken
505 3540 561 3592 und
584 3538 643 3592 ihm
669 3538 728 3592 und
782 3539 885 3593 wurde.

169 3609 262 3664 seinen
285 3608 456 3680 Anhtngern
480 3608 666 3664 Vcrderasien
693 3627 727 3662 zu
820 3608 852 3678 rs)
870 3609 1040 3665 Inawischen
1053 3610 1133 3666 hatte
1146 3609 1274 3665 nemlich
1288 3613 1343 3664 An-

168 3680 327 3736 entreilsen.
781 3679 886 3748 tipater
908 3679 956 3734 bei
979 3682 1083 3736 seinem
1100 3680 1177 3737 Tode
1196 3683 1274 3751 (319)
1298 3683 1344 3737 die

206 3748 727 3820 11)11(111111.11111111111111111111.
780 3750 985 3819 Regentschaft
1033 3751 1097 3806 dem
1146 3751 1344 3822 Polyperchon

207 3819 240 3889 1¹)
259 3822 416 3891 AntIgonus
432 3822 530 3877 leitete
548 3820 594 3876 die
608 3820 726 3889 Belage·
780 3820 957 3891 tibertragen.
992 3821 1155 3891 Antipaters
1180 3821 1343 3878 81111011-

168 3907 241 3959 rung
253 3890 333 3945 nicht
346 3892 440 3947 selbst.
464 3892 602 3948 Eumenes
615 3891 726 3946 leistete
782 3892 883 3947 eander
897 3911 953 3947 war
966 3893 1055 3947 damit
1068 3893 1259 3962 unzulrieden,
1275 3896 1344 3960 und,

170 3962 224 4015 den
238 3960 390 4017 Prtfelrten
409 3964 470 4018 eins
484 3962 678 4030 Eidesfcrmel,
696 3962 727 4015 in
781 3961 1025 4018 ausldacedonien
1037 3963 1198 4033 verdrbngt,
1217 3966 1344 4021 verband

169 4033 218 4088 der
241 4048 271 4085 er
292 4031 420 4101 augleich
444 4035 493 4088 der
511 4030 727 4103 Konigsfamilie
782 4048 812 4087 er
835 4034 895 4089 sich
917 4036 971 4089 mit
987 4034 1144 4104 Antigonus
1167 4035 1227 4089 und
1249 4034 1345 4091 Ptole·

168 4104 198 4158 in
217 4102 402 4157 Macedonian
419 4104 507 4160 Treue
530 4105 650 4173 gelobte.
688 4103 728 4157 Zu
782 4108 870 4160 111111.
908 4105 1003 4176 Gegen
1025 4104 1120 4160 diesen
1138 4105 1220 4159 Bund
1245 4105 1344 4161 suchte

170 4174 261 4227 dieser
279 4173 382 4227 mulsts
401 4177 459 4229 erst
476 4177 521 4230 die
534 4176 727 4242 Zustimmung
782 4173 976 4245 Polyperchon
995 4175 1057 4231 eine
1071 4176 1166 4229 Stdtze
1180 4176 1211 4230 in
1221 4175 1343 4231 Alexan·

170 4246 218 4299 des
245 4244 402 4312 Antigonus
435 4244 578 4314 eingehclt
607 4246 727 4299 werden.
782 4243 845 4298 ders
864 4246 970 4301 Mutter
992 4246 1050 4301 und
1073 4246 1120 4300 lud
1145 4244 1272 4303 dieselbe
1298 4248 1345 4303 ein

170 4314 307 4369 Unterdes
326 4314 447 4368 entwich
465 4314 617 4386 Eumenes,
643 4315 680 4369 da
698 4330 728 4368 er
781 4315 854 4368 nach
873 4317 1056 4376 MacedonIen
1072 4335 1106 4372 an
1123 4316 1266 4374 remmon.
