2959 4759
169 171 214 237 20
596 169 642 226 VI.
667 168 871 225 LYSANDER.
891 176 916 226 4.

168 337 262 398 tanta
290 332 514 416 similitudine,
538 337 574 399 ut
602 333 739 397 discerni
767 353 833 397 non
856 337 981 416 posset,
1010 333 1175 418 signatum
1199 331 1348 416 subiecit,

169 422 205 485 in
235 443 299 506 quo
329 422 568 487 accuratissime
599 422 668 485 eius
699 421 872 486 avaritiam
901 421 1133 506 perfidiamque
1167 424 1345 485 accusarat.

135 528 151 575 1
170 509 347 595 Lysander,
369 511 500 575 domum
524 533 597 576 cum
615 510 762 591 redisset,
784 512 959 593 postquam
979 510 1018 573 de
1038 512 1104 575 suis
1127 511 1223 576 rebus
1243 510 1346 593 gestis

171 599 257 682 apud
280 599 441 663 maximos
464 601 675 685 magistratus
695 619 777 683 quae
795 598 945 662 voluerat
962 597 1052 683 dixit,
1070 598 1254 664 testimonii
1271 598 1345 663 loco

171 687 290 751 librum
310 709 329 751 a
347 687 557 753 Pharnabazo
581 687 694 752 datum
716 685 864 750 tradidit.
897 683 1000 761 Quem
1023 709 1097 751 cum
1120 687 1235 771 ephori
1260 708 1346 750 sum·

170 779 259 840 moto
288 774 458 860 Lysandro
486 778 695 861 cognossent,
717 773 783 858 ipsi
804 774 977 859 legendum
1000 775 1164 842 dederunt.
1208 773 1262 839 Ita
1288 775 1346 838 ille

133 864 357 947 4imprudens
380 865 450 947 ipse
475 887 551 929 suus
574 864 637 928 fuit
660 868 837 928 accusator.
870 864 919 927 Ao
940 863 1094 929 iudicium
1118 863 1248 948 quidem
1272 884 1347 928 suo·

169 975 242 1017 rum
270 974 330 1035 ope
360 953 487 1037 effugit:
514 958 625 1017 tamen
652 973 725 1017 cum
754 952 875 1016 multos
902 951 991 1016 domi
1019 974 1058 1017 ac
1085 952 1224 1017 maxime
1252 973 1347 1037 reges

171 1041 306 1107 haberet
329 1043 573 1124 obtrectatores,
596 1041 636 1106 ad
659 1040 836 1105 exercitum
859 1061 925 1104 non
948 1043 998 1105 est
1021 1042 1184 1106 remissus.

136 1145 151 1195 1
259 1128 317 1195 IV.
346 1128 449 1194 Paulo
468 1132 543 1214 post
562 1128 810 1194 Lacedaemonii
827 1127 1074 1193 decemviralem
1092 1131 1182 1211 pote·
1207 1129 1345 1211 [1397]

170 1222 289 1283 statem
313 1218 354 1282 ab
378 1218 435 1283 illo
465 1218 678 1283 constitutam
702 1216 912 1281 sustulerunt
959 1215 1029 1293 Quo
1054 1218 1165 1282 dolore
1192 1218 1347 1283 incensus

170 1306 244 1370 iniit
272 1306 408 1372 consilia
434 1327 527 1392 reges
550 1304 881 1371 Lacedaemoniorum
912 1302 1070 1391 tollere5).
1115 1303 1177 1371 Sed
1206 1308 1250 1386 [a
1265 1307 1345 1388 396]

171 1394 334 1459 sentiebat
356 1394 389 1458 id
413 1416 447 1459 se
471 1395 540 1460 sine
563 1416 625 1479 ope
649 1394 782 1459 deorum
800 1392 906 1457 facere
929 1414 994 1458 nou
1017 1415 1123 1477 posse,
1143 1395 1229 1478 quod
1248 1392 1347 1459 Lace·

136 1499 153 1548 2
172 1483 334 1547 daemonii
358 1482 468 1548 omnia
491 1483 535 1547 adr
555 1483 689 1547 oracula
715 1481 835 1546 referre
858 1485 1063 1546 consuerant.
1100 1482 1247 1546 Primum
1270 1483 1346 1547 Del·

171 1568 335 1658 phicuml)
373 1592 577 1655 corrumpere
616 1574 667 1635 est
702 1574 850 1635 conatus.
895 1568 976 1635 Gum
1008 1570 1042 1635 id
1073 1591 1141 1634 non
1176 1571 1347 1656 potuisset,

171 1658 383 1724 Dodonaeum
407 1661 538 1724 adortus
566 1661 624 1724 est.
669 1657 756 1723 Hinc
779 1679 906 1743 quoque
934 1659 1083 1742 repulsus
1107 1658 1190 1724 dixit
1213 1681 1247 1723 se
1271 1663 1346 1725 vota

172 1748 366 1832 suscepisse,
389 1770 471 1832 quae
498 1747 569 1813 lovi
592 1746 769 1812 Hammoni
792 1747 948 1829 solveret,
972 1747 1161 1812 existimans
1190 1769 1224 1812 se
1248 1747 1346 1813 Afros

136 1836 300 1904 afacilius
324 1839 561 1921 corrupturum.
589 1836 662 1900 Hae
681 1857 737 1920 spe
756 1856 830 1899 cum
848 1834 1011 1918 profectus
1032 1838 1117 1900 esset
1138 1835 1173 1899 in
1191 1834 1346 1920 Africam,
1433 1904 1439 1910 ,

172 1925 312 1988 multum
348 1946 421 1990 eum
458 1925 623 1990 antistites
655 1923 743 1990 Iovis
775 1923 971 1988 fefellerunt.
1016 1921 1104 1988 Nam
1135 1945 1203 1988 non
1239 1925 1347 1989 solum

172 2014 335 2097 corrumpi
362 2035 434 2078 non
466 2015 656 2096 potuerunt,
690 2012 747 2077 sed
779 2011 878 2076 etiam
910 2012 1037 2095 legatos
1069 2011 1347 2078 Lacedaemonem

172 2102 344 2185 miserunt,
380 2103 435 2187 qui
466 2100 670 2186 Lysandrum
702 2104 905 2181 accusarent,
938 2099 1024 2184 quod
1057 2101 1240 2166 sacerdotes
1277 2101 1348 2167 fani

136 2205 376 2274 acorrumpere
404 2193 539 2258 conatus
568 2193 663 2255 esset.
709 2189 891 2254 Accusatus
916 2209 954 2253 eo
978 2188 1112 2253 crimine
1141 2189 1346 2274 iudicumque

173 2280 341 2343 absolutus
361 2278 541 2359 sententiis,
555 2277 779 2344 Orchomeniis
786 2274 813 2363 ⁷)
832 2277 949 2341 missus
969 2278 1018 2341 est
1038 2276 1191 2362 subsidio,
1215 2281 1257 2359 [a.
1266 2278 1345 2359 395]

137 2367 229 2433 osed
256 2368 381 2433 occisus
410 2389 429 2431 a
457 2366 622 2431 Thebanis
650 2364 736 2450 apud
764 2364 959 2431 Haliartum.
1004 2362 1109 2440 Quam
1137 2370 1244 2431 autem
1273 2388 1347 2431 vere

172 2455 211 2519 (16
235 2477 272 2520 eo
297 2455 382 2520 foret
404 2453 623 2540 iudicatum⁸),
646 2455 751 2519 oratio
769 2453 887 2519 indicio
910 2453 982 2536 fuit,
1005 2474 1088 2537 quae
1109 2459 1186 2538 post
1208 2458 1346 2520 mortem

173 2543 241 2608 eius
268 2545 302 2607 in
331 2544 427 2609 domo
455 2546 585 2626 reperta
613 2546 675 2626 est,
704 2543 739 2607 in
767 2565 831 2627 qua
861 2540 975 2606 suadet
1006 2540 1284 2627 Lacedaemoniis,
1311 2545 1346 2608 ut

172 2632 264 2717 regia
290 2634 454 2715 potestate
482 2632 642 2696 dissoluta
665 2653 704 2695 ex
728 2631 878 2696 omnibus
886 2627 913 2715 ⁹)
942 2630 1006 2695 dux
1028 2630 1190 2715 deligatur
1213 2632 1254 2696 ad
1282 2632 1346 2697 bel·

171 2721 240 2784 lum
268 2720 458 2804 gerendum,
488 2719 534 2784 sic
563 2720 685 2803 scripta
711 2719 771 2784 illa
799 2719 944 2804 quidem,
965 2723 1002 2782 ut
1025 2720 1157 2784 deorum
1185 2720 1347 2786 videretur

172 2829 350 2893 congruere
379 2809 571 2890 sententiae,
599 2830 697 2892 quam
725 2808 781 2872 ille
805 2829 839 2872 se
861 2806 1052 2872 habiturum
1079 2809 1217 2892 pecunia
1244 2809 1346 2875 fidens

171 2918 238 2962 non
257 2897 432 2962 dubitarat.
460 2896 554 2962 Hanc
573 2896 603 2961 61
627 2896 795 2980 scripsisse
815 2894 915 2961 Cleon
935 2895 1197 2962 Halicarnassius
1222 2898 1346 2963 dicitur.

209 3089 231 3160 ⁶)
249 3087 495 3145 Wahrscheinlich
504 3087 600 3145 sollte
610 3106 640 3144 er
651 3087 731 3144 nicht
821 3087 844 3158 θ)
867 3086 954 3143 Nioht
981 3088 1077 3156 deum,
1102 3087 1222 3143 sondern
1250 3105 1347 3145 oracu-

172 3159 332 3231 flberhaupt
350 3161 400 3216 das
419 3161 493 3215 Koni
580 3160 732 3229 ‚sondern
784 3158 852 3214 lum.

172 3230 498 3287 nurdasaussclrliesslic
519 3230 668 3285 eAnrecht
681 3231 731 3284 der
823 3229 845 3299 7)
863 3227 902 3282 Er
920 3228 1016 3283 wurde
1035 3227 1191 3299 eigentlich
1206 3229 1262 3284 den
1274 3228 1348 3287 Pho·

172 3301 275 3356 beiden
298 3301 521 3357 heraclidischen
538 3300 677 3355 Familien
695 3318 730 3355 an
786 3315 903 3354 oensem
935 3314 1028 3369 gagen
1060 3300 1106 3355 (116
1129 3300 1281 3355 Thebaner
1314 3320 1349 3356 au

173 3372 302 3427 dasselbe
334 3370 502 3428 abschaffen.
539 3371 591 3425 Die
622 3370 731 3440 Konige
786 3369 863 3425 Hilfe
895 3368 1043 3438 geschiclrt
1072 3373 1131 3425 und
1167 3370 1267 3441 bewog
1302 3373 1348 3427 die

172 3442 387 3498 widerstrebten
411 3442 508 3497 seinen
526 3440 732 3496 willlrlirliohen
788 3440 988 3496 Orchomenier
1012 3457 1075 3494 zum
1094 3440 1192 3495 Abfall
1214 3457 1271 3497 von
1293 3443 1349 3498 den

172 3512 385 3583 Anordnungeu
408 3513 495 3567 sehon
518 3512 573 3567 seit
590 3516 651 3568 405.
688 3511 733 3566 An
786 3512 912 3567 letatern.

172 3584 322 3654 Agesilaus
344 3583 433 3639 hoffte
450 3582 593 3651 Lysander
615 3582 662 3637 ein
684 3600 732 3652 ge·
824 3582 1241 3651 8)1116111111111116111611.
1277 3584 1348 3639 Also

172 3655 284 3725 lr‘igiges
303 3655 461 3723 Werkaeug
483 3670 517 3707 au
540 3653 646 3721 finden,
671 3669 733 3708 ver·
785 3672 819 3707 au
834 3657 987 3722 erganzeur
1008 3653 1060 3708 111
1084 3653 1218 3709 oiudicio
1233 3654 1348 3711 damna·

174 3726 291 3781 sohaffte
309 3727 368 3780 ihm
388 3731 439 3780 397
463 3724 509 3779 (116
528 3723 731 3793 Konigssu'irde
784 3726 831 3778 tus
849 3724 933 3779 esset.

173 3796 230 3850 und
248 3796 402 3866 begleitete
424 3797 475 3851 ihn
493 3801 545 3850 396
565 3796 615 3849 auf
631 3795 732 3849 descen
823 3795 846 3864 ο)
873 3794 961 3850 Nioht
987 3794 1061 3851 blofs
1089 3812 1139 3850 aus
1164 3795 1218 3850 den
1244 3795 1347 3851 beiden

172 3866 315 3937 Feldzuge
348 3866 421 3923 nach
451 3865 546 3921 Asien.
583 3864 732 3989 Agesilaus
787 3864 1348 3935 Kbnigsfamilien,vielleichtauchnicht

173 3936 241 3992 aber
255 3939 408 4007 gestattete
421 3939 480 3992 ihm
494 3936 597 3991 keinen
631 3935 732 4004 1111111,
788 3937 892 3990 einmal
909 3936 982 3991 bloss
997 3952 1047 3991 aus
1062 3937 1117 3991 den
1133 3938 1347 4005 spartanischen

174 4024 205 4063 so
224 4007 285 4062 dass
304 4024 335 4063 er
354 4008 413 4063 sich
435 4008 651 4077 aurflckgesetat
673 4006 731 4062 sah.
787 4006 924 4075 Homden,
939 4007 1059 4062 sondern
1070 4007 1345 4091 ausallenBfirgern,
1465 4010 1469 4018 ‘

174 4076 378 4135 DieserGlrund
392 4076 732 4148 hauptstchlichaeitigte
786 4076 840 4132 mit
867 4077 1028 4133 Einschluss
1061 4078 1110 4133 der
1138 4077 1346 4149 Hypomerones

176 4150 253 4205 16116
271 4149 493 4219 umscurzpune.
786 4148 843 4202 und
862 4148 1069 4204 Neodamoden.

653 4329 867 4338 .-.-----
