2959 4759
480 236 539 292 XV.
571 235 846 291 EPAMINONDAS.
872 242 897 291 6.
917 242 942 290 7.
1255 234 1299 299 53

118 398 180 465 dae
206 399 358 482 obiceret,
381 398 466 483 quod
485 399 607 465 liberos
625 420 692 464 non
709 399 848 463 haberet
865 420 969 482 neque
992 419 1125 463 uxorem
1145 397 1299 481 duxisset,

117 487 325 573 maximeque
349 487 567 569 insolentiam,
591 487 677 571 quod
701 488 764 552 sibi
783 487 1039 572 Agamemnonis
1057 486 1137 552 belli
1160 486 1299 572 gloriam

116 577 284 641 videretur
306 581 514 642 consecutus:
543 576 599 641 ille
622 575 759 641 ‘desine'
782 577 889 660 inquit
907 574 1113 659 ‘Meneclida
1135 575 1175 639 de
1198 597 1298 640 uxore

117 665 202 730 mihi
218 665 428 749 exprobraret
446 686 522 730 narn
542 664 663 729 nullius
682 665 716 729 in
735 664 801 729 ista
818 686 853 729 re
867 664 975 729 minus
993 664 1043 729 uti
1061 663 1196 728 consilio
1210 662 1297 729 volo'

119 751 283 836 (habehat
301 754 389 819 enim
403 753 598 819 Meneclides
618 754 836 837 suspicionem
855 752 1027 838 adulterii).
1065 751 1170 829 ‘Quod
1189 756 1298 817 autem
1317 772 1333 820 6

117 844 401 928 Agamemnonem
425 842 582 907 aemulari
604 863 656 907 me
678 844 785 926 putas,
807 841 940 906 falleris.
976 840 1126 926 Namque
1148 841 1202 904 ille
1226 863 1299 906 cum

117 931 273 997 universa
292 931 428 996 Graecia
450 932 504 997 vix
523 931 634 995 decem
658 930 754 995 annis
773 953 872 995 unam
895 930 981 1014 cepit
1003 931 1127 1012 urbem,
1150 950 1210 1012 ego
1234 953 1299 994 una

117 1020 199 1085 urbe
218 1023 331 1084 nostra
350 1020 468 1105 dieque
489 1042 555 1084 uno
574 1022 679 1084 totam
698 1018 869 1084 Graeciam
887 1017 1152 1084 Lacedaemoniis
1175 1018 1299 1103 fugatis

13 1173 15 1176 ,
116 1106 328 1192 liberari'ss).

209 1195 267 1261 VI.
298 1196 389 1261 Idem
412 1197 545 1262 cumin
568 1199 764 1261 conventum
787 1195 930 1262 venisset
948 1191 1167 1347 Arcadum12,
1189 1199 1227 1260 ut
1249 1217 1298 1261 so·
1319 1214 1333 1262 1

13 1303 14 1314 ¹
118 1286 273 1350 cietatem
292 1307 364 1350 cum
384 1284 551 1349 Thebanis
570 1288 602 1349 et
615 1284 749 1368 Argivis
768 1284 921 1368 facerent,
939 1288 1116 1368 contraque
1159 1283 1298 1349 allistra·

118 1372 451 1459 tus,.Athenicnsium
464 1374 603 1459 legatus,
623 1374 679 1456 qui
697 1373 882 1458 eloquentia
902 1394 1013 1439 omnes
1032 1372 1090 1437 illo
1108 1373 1299 1457 praestabat

118 1465 275 1548 tempore,
293 1463 477 1546 postularet
494 1462 679 1527 Atticorum
697 1465 735 1526 ut
752 1463 862 1545 potius
881 1462 1059 1527 amicitiam
1079 1466 1299 1545 sequerentur,

120 1555 153 1616 et
181 1553 218 1615 in
250 1551 397 1616 oratione
428 1551 531 1615 multa
560 1550 709 1615 inuectus
730 1550 773 1614 xin
800 1550 973 1615 Thebanos
1003 1554 1037 1614 et
1063 1550 1206 1635 Argivos
1236 1550 1299 1618 hoc

118 1640 270 1723 dixisset,
303 1640 449 1704 animum
482 1639 648 1704 advertere
681 1639 797 1703 debere
830 1639 989 1722 Arcades,
1021 1640 1133 1723 quales
1160 1643 1332 1723 utraquea

119 1728 235 1795 civitas
254 1728 341 1793 cives
360 1730 574 1812 procreasset,
593 1748 631 1790 ex
650 1728 770 1811 quibus
789 1727 828 1792 de
848 1728 965 1792 ceteris
983 1732 1119 1810 possent
1140 1728 1297 1795 iudicare:

118 1816 262 1902 Argiuos
282 1816 368 1880 enim
383 1815 483 1881 luisse
501 1814 648 1881 Orestem
669 1819 702 1881 et
716 1816 947 1881 Alcmaeonem
966 1815 1163 1899 matricidae,
1177 1815 1297 1883 Thebis

119 1904 280 1988 Oedipum
307 1908 437 1989 natum,
465 1927 538 1970 cum
564 1908 694 1988 patrem
721 1903 955 1986 interfecisset,
987 1925 1026 1968 ex
1048 1909 1154 1969 matre
1176 1904 1297 1971 liberos

117 1992 320 2079 procreasse:
337 1993 414 2058 huic
428 1994 464 2057 in
478 1991 703 2076 respondendo
717 1991 965 2076 Epaminondas
973 1989 1021 2076 ¹⁴),
1040 2014 1114 2057 eum
1127 1993 1166 2058 de
1181 1995 1295 2059 ceteris
1315 2015 1331 2062 a

117 2080 937 2254 attathtlrttltltltltthl
952 2081 1297 2235 tlitrtlth?

750 2220 759 2253 r
1216 2220 1225 2253 r
1283 2208 1295 2220 '

13 2249 14 2264 ³
117 2261 272 2325 nocentes
295 2259 371 2324 illos
398 2259 487 2323 domi
514 2261 624 2343 natos,
652 2259 772 2323 scelere
796 2258 938 2323 admisso
962 2280 1035 2323 cum
1058 2260 1166 2343 patria
1189 2264 1297 2325 essent

13 2397 14 2400 η
117 2348 258 2433 expulsi,
285 2350 433 2432 receptos
456 2369 526 2413 esse
551 2346 592 2411 ab
615 2347 871 2412 Atheniensibus
879 2345 928 2431 ¹⁵).
974 2345 1035 2412 Sed
1064 2347 1203 2411 maxime
1226 2348 1295 2414 eius
1314 2369 1331 2417 4

14 2497 15 2506 ,
118 2441 196 2501 ante
219 2456 365 2522 pugnam
383 2436 585 2502 Leuctricam
613 2436 801 2520 eloquentia
824 2436 928 2502 eluxit
946 2434 1092 2520 Spartae.
1129 2435 1199 2512 Quo
1222 2459 1295 2503 cum

117 2527 264 2591 omnium
287 2525 451 2590 sociorum
474 2527 704 2591 convenissent
725 2525 836 2610 legati,
861 2546 970 2591 coram
988 2524 1137 2610 frequen-
1158 2527 1200 2605 [a.
1215 2526 1294 2607 371]

14 2627 17 2684 ἶ
117 2614 247 2679 tissime
266 2614 466 2699 legationum
490 2618 651 2682 conventu
674 2614 722 2680 sie
740 2613 1070 2679 Lacedaemoniorum
1088 2615 1295 2699 tyrannidem

117 2703 279 2788 coarguit,
307 2707 344 2767 ut
370 2724 437 2768 non
466 2704 571 2768 minus
600 2704 659 2770 illa
681 2703 828 2768 oratione
852 2725 929 2788 opes
961 2725 1072 2768 eorum
1095 2704 1298 2769 concusserit

118 2812 217 2876 quam
231 2790 401 2856 Leuctrica
414 2813 535 2877 pugna.
571 2793 655 2857 Tum
674 2792 761 2857 enim
779 2791 924 2875 perfecit,
939 2792 1024 2876 quod
1038 2797 1114 2875 post
1133 2794 1295 2878 apparuit,

118 2884 156 2943 ut
179 2879 299 2944 auxilio
322 2879 571 2949 Lacedaemonii
594 2881 757 2946 sociorum
779 2882 994 2963 privarentur.

207 2965 282 3029 VII.
305 2965 419 3031 Fuisse
441 2969 619 3051 patientem
646 2968 853 3046 iniuriarum,
881 2968 968 3051 quod
990 2968 1118 3050 patriae
1141 2990 1175 3033 se
1198 2971 1295 3035 irasci
1316 2992 1329 3039 1

117 3053 213 3119 nefas
244 3074 314 3117 esse
343 3051 535 3140 duceret¹⁶)‚
561 3054 641 3120 haec
664 3058 742 3119 sunt
764 3055 963 3119 testimonia.
1004 3052 1087 3119 Cum
1110 3055 1140 3118 ei
1162 3061 1296 3140 propter

116 3142 274 3209 invidiam
298 3141 385 3207 cives
404 3142 577 3226 imperium
596 3143 823 3227 abrogassent,
846 3142 910 3207 dux
933 3146 983 3207 est
1004 3143 1147 3208 delectus
1170 3145 1293 3226 [a368]

117 3232 196 3297 belli
223 3231 408 3316 imperitus,
436 3232 568 3315 eiusque
595 3253 703 3297 errore
730 3252 782 3295 res
811 3252 849 3296 eo
879 3230 1028 3314 deducta,
1055 3235 1093 3297 ut
1120 3253 1232 3297 omnes
1256 3233 1295 3297 de

118 3322 221 3386 salute
244 3321 520 3404 pertimescerent,
543 3321 629 3406 quod
648 3321 795 3386 locorum
819 3320 980 3405 angustiis
1004 3320 1106 3386 clausi
1130 3321 1170 3385 ab
1192 3322 1294 3387 hosti·

117 3410 177 3474 bus
193 3409 433 3474 obsidebantur.
467 3409 551 3474 Tum
564 3432 641 3476 vero
657 3408 833 3474 desiderari
850 3411 967 3494 coepta
985 3413 1035 3474 est
1048 3407 1295 3493 Epaminondae

115 3497 295 3582 diligentia:
318 3505 389 3564 erat
412 3499 498 3563 euim
521 3498 568 3563 ibi
586 3495 769 3583 numero¹⁷)
793 3497 918 3563 militis.
955 3496 1099 3582 Cumque
1118 3499 1167 3564 illi
1191 3499 1232 3565 ab
1256 3522 1330 3574 eoa

152 3691 187 3761 11)
201 3690 492 3746 DurohdieSchlaaht
502 3690 676 3748 beiLeuctra
730 3689 809 3745 einer
831 3707 896 3745 vom
913 3689 1054 3746 Achelous
1077 3692 1295 3762 neugebildeten

114 3767 187 3901 87ξὸ)
219 3830 373 3887 Vielleieht
407 3831 476 3886 kara
516 3833 590 3886 nach
625 3832 677 3886 der
729 3761 812 3902 Iulli
834 3818 910 3887 llber
941 3833 996 3888 den
1027 3833 1182 3904 Konjuulrt.
1215 3834 1293 3890 aiehe

115 3904 252 3959 Schlacht
270 3902 317 3957 bei
334 3902 464 3968 Leuctra,
483 3907 544 3958 370.
730 3906 813 3959 Anrn.
833 3922 867 3957 au
887 3904 998 3958 Datam.
1017 3904 1052 3972 II,
1072 3911 1097 3960 8.

153 3974 188 4043 l‘)
205 3974 238 4028 Iu
260 3974 311 4028 der
337 3973 537 4043 nochmaligen
559 3973 676 4043 Angabe
770 3973 805 4042 ¹⁷)
824 3975 947 4030 Numero
961 3976 1008 4043 „iu
1022 3974 1293 4044 deraigensohaft‘a

21 4035 23 4042 ’
115 4046 163 4101 des
182 4044 316 4115 Subjekts
339 4044 412 4115 liegt
432 4061 487 4099 nur
507 4042 569 4098 eine
588 4045 677 4099 durch
729 4044 795 4115 Vgl.
815 4044 949 4116 thclsb.
969 4046 1032 4101 Stil.
1052 4051 1067 4111 5
1085 4053 1111 4113 8,
1130 4050 1154 4100 5.
1174 4077 1208 4087 -
1226 4047 1294 4101 Man

115 4114 386 4172 dieZwischensttae
396 4113 677 4171 versulalsteleichte
733 4132 791 4169 war
805 4116 857 4170 mit
866 4117 920 4171 den
930 4115 1064 4185 Erfolgen
1074 4116 1165 4171 seinea
1176 4118 1293 4172 aweitcn

115 4186 314 4243 Anaholuthie.
731 4185 852 4240 Einfalls
864 4186 893 4240 in
909 4186 954 4241 die
965 4186 1139 4256 Peloponnes
1152 4187 1193 4242 im
1203 4189 1293 4242 aruh-

153 4259 187 4329 1⁸)
206 4258 268 4313 Vcn
291 4259 443 4313 Alcmacna
462 4257 620 4313 Aulnahme
647 4256 677 4311 in
728 4257 795 4327 jahr
808 4263 861 4312 368
876 4257 1065 4315 unzufrieden.
1092 4258 1174 4314 Scine
1185 4258 1294 4312 Widcr·

116 4328 211 4384 Athen
241 4328 282 4384 ist
312 4330 390 4385 soust
420 4328 514 4384 nichts
543 4327 676 4385 bekannt.
732 4329 830 4383 sacher
847 4329 877 4382 in
895 4327 1009 4384 Theben
1029 4327 1186 4384 bewirlrten
1206 4330 1293 4384 daher

115 4398 153 4454 Er
187 4401 257 4456 fund
292 4398 430 4455 vielmehr
466 4399 594 4454 Zuflucht
629 4398 681 4454 anf
731 4399 807 4454 scine
830 4399 993 4469 Abastaung
1017 4417 1082 4455 vom
1105 4402 1187 4454 Amte
1215 4398 1292 4452 ciues
