2959 4759
172 178 216 243 22
563 179 621 236 Vll.
649 178 870 236 ALCIBIADES.
894 187 918 236 3.
933 187 958 237 4.

136 341 350 408 sMercurius
379 341 558 407 Andocidis
587 340 834 429 vocitabatuffl),
878 342 951 408 Hoc
980 364 1052 407 enm
1083 346 1254 427 appareret
1280 364 1350 407 non

173 431 241 495 sine
268 450 389 515 magna
411 430 587 495 multorum
611 432 825 495 consensione
848 453 918 496 esse
941 432 1080 513 factum,
1108 453 1190 516 quae
1213 431 1254 495 ad
1278 453 1349 496 rem

173 519 337 603 publicam
360 520 545 604 pertineret,
567 538 705 602 magnus
729 519 930 584 multitudini
952 521 1051 585 timor
1069 523 1120 583 est
1138 518 1285 605 iniectus,
1306 540 1349 583 ne

175 629 239 692 qua
261 609 431 692 repentina
449 608 498 672 vis
521 608 555 671 in
579 607 710 672 civitate
730 609 908 691 exsisteret,
932 630 1014 693 quae
1037 607 1221 672 libertatem
1241 608 1349 692 oppri-

136 699 284 761 4meret.
330 697 438 781 Atque
459 695 493 761 id
517 695 656 760 maxime
679 696 849 761 convenire
877 698 911 761 in
934 695 1136 761 Alcibiadem
1166 696 1349 780 videbatur,

173 783 258 868 quod
286 787 319 848 et
350 785 515 869 potentior
544 788 577 849 et
608 784 725 866 maior,
754 807 852 869 quam
879 788 917 849 nt
947 786 1092 870 privatus
1125 806 1195 849 esse
1228 789 1349 870 posset,

174 873 434 938 existimabatur:
452 873 572 938 multos
591 873 675 938 enim
694 873 891 938 liberalitate
905 873 1101 952 devinxerat,
1118 874 1228 958 plures
1248 874 1348 938 etiam

138 975 272 1044 eopera
301 961 423 1026 forensi
453 984 529 1027 suos
558 960 824 1045 reddiderat,t
787 964 824 1026 ut
853 963 998 1027 omnium
1029 962 1153 1045 oculos,
1183 964 1349 1064 quotiens-

173 1071 309 1135 eumque
332 1052 365 1115 in
389 1050 554 1134 publicum
576 1049 746 1134 prodisset,
771 1050 811 1115 ad
835 1072 869 1114 se
889 1054 1092 1115 converteret
1112 1071 1216 1134 neque
1235 1051 1266 1115 ei
1289 1073 1349 1153 par

173 1139 344 1223 quisquam
375 1139 410 1202 in
437 1139 570 1204 civitate
597 1143 782 1222 poneretur.
826 1137 942 1291 Itaque
969 1160 1035 1204 non
1064 1139 1169 1203 solum
1198 1160 1290 1223 spem
1313 1140 1345 1202 in

171 1224 241 1311 eo⁷)
264 1227 431 1293 habebant
458 1228 646 1309 maximam,
670 1225 726 1291 sed
750 1227 886 1291 etiamt
886 1226 1038 1310 imorem,
1062 1227 1204 1312 quodet
1171 1227 1347 1293 etobesse

135 1314 345 1398 tplurimum
373 1318 406 1379 et
433 1315 586 1398 prodesse
614 1319 753 1398 poterat.
799 1316 1045 1400 Aspergebatur
1076 1316 1173 1380 etiam
1202 1316 1348 1400 infamia,

171 1403 256 1487 quod
278 1404 312 1467 in
336 1405 431 1469 domo
456 1426 515 1468 sua
537 1404 643 1469 facere
666 1403 824 1487 mysteria
847 1403 1026 1469 dicebatur:
1051 1404 1136 1488 quod
1159 1404 1251 1469 nefas
1276 1408 1347 1469 erat

172 1512 261 1556 more
280 1490 541 1576 Atheniensium,
563 1491 660 1576 idque
682 1513 750 1556 non
773 1491 814 1556 ad
837 1492 1040 1577 religionem,
1063 1492 1118 1556 sed
1138 1493 1179 1556 ad
1202 1493 1347 1558 coniura

171 1580 296 1645 tionem
319 1582 481 1665 pertinere
505 1580 762 1645 existimabatur.

138 1682 152 1730 1
261 1667 318 1734 IV.
356 1668 426 1734 Hoc
450 1668 585 1733 crimine
608 1669 642 1733 in
666 1670 818 1733 contione
841 1669 882 1733 ab
911 1669 1051 1733 inimicis
1079 1669 1347 1753 compellabatur.

172 1755 234 1821 Sed
257 1758 403 1822 instabat
430 1760 558 1841 tempus
584 1756 624 1821 ad
648 1756 770 1821 bellum
794 1756 1026 1840 proficiscendi.
1071 1756 1109 1821 ld
1132 1756 1188 1822 ille
1216 1757 1347 1823 intuens

172 1866 275 1928 neque
306 1847 463 1930 ignorans
491 1846 608 1911 civium
638 1867 770 1910 suorum
798 1845 1062 1911 consuetudinem
1085 1846 1289 1931 postulabat,
1320 1846 1348 1910 si

173 1933 250 2017 quid
274 1934 313 1998 de
333 1956 368 1999 se
392 1935 445 2019 agi
463 1934 594 2017 vellent,
616 1935 725 2018 potius
744 1934 783 1998 de
806 1937 978 2019 praesente
997 1934 1144 2018 quaestio
1163 1934 1350 2019 haberetur,

137 2035 271 2106 aquam
295 2023 412 2087 absens
439 2023 581 2088 invidiae
605 2022 738 2087 crimine
762 2027 976 2088 accusaretur.
1020 2021 1150 2087 Inimici
1178 2044 1253 2089 vero
1278 2025 1347 2088 eius

171 2110 400 2194 quiescendum
407 2109 444 2197 8),
463 2112 539 2196 quia
561 2111 672 2177 noceri
691 2111 721 2175 ei
739 2133 807 2176 non
825 2131 922 2197 posse
940 2110 1185 2195 intellegebant,
1208 2114 1241 2176 et
1264 2112 1347 2177 illud

171 2205 298 2284 tempus
322 2200 574 2284 exspectandum
598 2201 907 2285 decreveruntque
932 2200 1046 2264 classis
1070 2200 1203 2284 exisset,
1230 2204 1267 2264 ut
1291 2202 1347 2265 ab

136 2291 297 2353 asentem
326 2288 595 2375 aggrederentur,
618 2289 728 2373 itaque
756 2287 911 2355 fecerunt.
955 2285 1042 2352 Nam
1070 2294 1244 2373 postquam
1269 2287 1347 2354 Sici·

171 2375 250 2441 liam
278 2399 351 2441 eum
379 2377 563 2460 pervenisse
594 2377 813 2459 crediderunt,
842 2377 1025 2458 absentem,
1048 2376 1133 2460 quod
1163 2399 1256 2441 sacra
1279 2378 1346 2443 vio·

171 2465 281 2548 lasset,
298 2487 390 2531 reum
410 2467 562 2531 fecerunt.
592 2464 716 2541 Quade
734 2486 857 2529 recum
877 2466 906 2529 ei
925 2466 1059 2530 nuntius
1079 2487 1099 2529 a
1117 2463 1347 2552 magistratu⁹)

171 2554 205 2617 in
229 2551 374 2619 Siciliam
398 2556 517 2620 missus
537 2557 632 2639 esset,
655 2557 693 2617 nt
715 2553 848 2618 domum
872 2553 913 2618 ad
932 2574 1063 2618 causam
1083 2552 1252 2618 dicendam
1276 2555 1347 2619 red·

171 2643 247 2726 iret,
275 2647 423 2727 essetque
450 2644 484 2707 in
512 2661 632 2725 magna
655 2662 712 2725 spe
735 2642 923 2725 provinciae
951 2643 1034 2706 bene
1064 2641 1348 2723 administrandae,

171 2752 236 2794 non
264 2752 378 2814 parere
405 2731 510 2796 noluit
538 2736 571 2794 et
599 2730 634 2794 in
661 2730 840 2813 triremem,
864 2752 946 2813 quae
975 2730 1016 2794 ad
1039 2751 1112 2794 enm
1141 2734 1212 2794 eret
1233 2731 1346 2816 depor-

136 2819 307 2883 4tandum
335 2821 449 2903 missa,
477 2818 629 2884 ascendit.
674 2816 747 2882 Hac
774 2818 916 2883 Thurios
945 2818 980 2882 in
1007 2817 1137 2883 Italiam
1167 2827 1347 2904 pervectus,

173 2907 279 2972 multa
302 2930 410 2972 secum
433 2911 587 3010 reputans
610 2908 650 2972 de
673 2908 886 2972 immoderata
909 2908 1029 2972 civium
1057 2928 1187 2971 suorum
1215 2907 1348 2974 licentia

174 2997 309 3061 crudelit
294 2998 458 3081 tateque
448 3020 482 3062 ιιι
505 2996 643 3079 nobiles,
666 2995 875 3061 utilissimum
900 3000 991 3060 ratus
1014 2996 1258 3078 impendentem
1282 2998 1348 3062 evi-

173 3091 243 3149 tare
266 3089 427 3171 tempesta
408 3090 496 3152 atem
518 3087 602 3151 clam
622 3108 656 3150 se
675 3085 717 3150 ab
741 3085 929 3151 custodibus
953 3082 1107 3148 subduxit
1093 3088 1163 3148 tet
1184 3083 1258 3149 inde
1281 3088 1348 3170 pri·

138 3184 154 3233 5
173 3197 262 3239 mum
280 3174 417 3257 Elidem,
436 3175 510 3240 dein
528 3175 658 3240 Thebas
665 3170 705 3259 ¹⁰)
724 3174 823 3239 venit
852 3173 1027 3258 Postquam
1047 3176 1156 3237 antem
1176 3194 1210 3237 se
1229 3174 1347 3257 capitis

173 3263 359 3329 damnatum
378 3264 473 3330 bonis
492 3262 668 3347 publicatis
687 3261 821 3346 audivit,
838 3267 881 3345 et,
907 3262 940 3325 id
959 3260 1045 3343 quod
1064 3283 1229 3345 nunquam
1249 3267 1347 3328 antea

172 3374 233 3415 usu
253 3356 395 3435 venerat,
413 3350 629 3435 Eumolpidas
654 3349 802 3414 sacerdot
788 3354 837 3414 tes
857 3371 876 3413 a
894 3349 1016 3433 populo
1035 3354 1165 3414 coactos
1183 3353 1220 3415 ut
1239 3371 1273 3414 se
1294 3352 1347 3416 de·

172 3444 335 3523 voverent,
353 3440 485 3523 eiusque
501 3437 764 3521 devotionisque
783 3439 936 3502 testatior
954 3441 1042 3502 esset
1061 3439 1227 3523 memoria,
1242 3460 1346 3505 exem·

172 3529 262 3612 plum
286 3530 321 3592 in
348 3527 417 3610 pila
443 3526 571 3611 lapidea
597 3525 734 3590 incisum
759 3547 830 3591 esse
852 3526 996 3610 positum
1019 3526 1054 3590 in
1077 3526 1222 3610 publico,
1246 3528 1344 3593 Lace

138 3628 154 3677 6
173 3617 362 3681 daemonem
385 3615 589 3699 demigravit.
624 3613 689 3692 lbi,
713 3617 751 3678 ut
772 3616 841 3698 ipse
864 3614 1051 3699 praedicare
1074 3624 1257 3701 consuerat,
1280 3639 1348 3683 non

210 3840 232 3911 8)
244 3839 358 3897 Geretzt
345 3844 422 3898 war
429 3860 459 3897 er
466 3841 607 3898 nrchtvon
616 3843 732 3911 Andos
824 3842 846 3912 ⁹)
864 3842 897 3897 D.
907 3841 935 3896 h
945 3857 1010 3896 vom
1024 3838 1119 3933 ἄρχων
1137 3841 1282 3912 βασιλεύς,
1301 3842 1348 3898 bei

174 3913 295 3968 sondern
313 3930 367 3968 von
390 3915 441 3968 der
463 3912 614 3984 bgeischen
635 3912 731 3984 Phyle.
788 3915 852 3969 dem
867 3913 912 3968 die
930 3912 1041 3984 γραφαὶ
1054 3911 1186 3984 ἀσεβείας
1204 3914 1348 3984 anhingig

212 3984 233 4052 l)
252 3983 333 4038 Anrn.
353 4001 388 4039 zu
405 3983 490 4039 Phoc
509 3983 556 4053 IV,
575 3991 600 4040 4.
788 3985 921 4054 gemacht
938 3985 1061 4040 wurden

211 4025 732 4124 ⁸)DieModifilrationdesVerbal-
825 4055 860 4124 10)
892 4054 1064 4110 nitriae
1091 4053 1210 4124 Angabs
1238 4054 1347 4110 stimmt
1467 4019 1470 4029 .

173 4125 334 4195 begriffs,
341 4126 527 4195 einstweilsn,
555 4128 659 4195 noch“,
688 4127 733 4181 die
787 4127 838 4195 XI,
857 4124 1021 4182 tuberein
1059 4125 1121 4181 Von
1146 4125 1253 4180 andern
1275 4126 1347 4180 wird

174 4198 213 4249 im
227 4168 388 4252 Deutsbhen
406 4168 604 4252 ausdrudklich
623 4198 733 4267 gesetzt
786 4196 877 4267 Argos
897 4197 1021 4266 genennt
1039 4197 1111 4250 statt
1124 4194 1247 4278 Theben
1271 4196 1348 4251 Aber

175 4265 257 4333 wird‚
286 4268 359 4322 mula
386 4266 480 4323 sich'
471 4284 511 4320 rm
534 4268 733 4323 Lateinischsn
784 4268 864 4348 jenes
896 4265 979 4321 stand
1011 4266 1161 4320 damals
1152 4283 1191 4320 rm
1218 4265 1346 4321 Bundnis

175 4353 226 4390 aus
246 4309 309 4391 dem
324 4337 583 4408 Zusammenhange
602 4338 732 4408 ergeben.
786 4336 841 4392 mit
858 4338 959 4393 Athen.
