2959 4759
215 197 259 262 48
604 196 676 251 XIV.
708 195 893 252 Daunias,
916 201 995 252 '1-9.

215 363 337 444 tatum,
369 359 402 423 id
434 359 475 423 ad
508 359 646 424 salutem
678 359 846 424 convertit
892 357 963 434 Quo
996 380 1100 442 neque
1132 357 1259 422 acutius
1292 358 1388 422 ullius

215 448 421 534 imperatoris
445 448 625 533 cogitatum
647 468 749 531 neque
775 447 910 512 celerius
933 446 1056 513 factum
1080 468 1217 569 usquam
1241 448 1389 531 legimus.

182 552 197 600 1
305 535 378 601 VIL
411 536 463 600 Ab
486 536 549 601 hoc
576 540 686 600 tamen
709 535 778 600 viro
804 534 952 620 Sysinas,
977 535 1120 600 maximo
1140 531 1168 622 ¹)
1192 539 1274 599 natu
1297 534 1388 618 filius,

217 625 331 690 desciit
359 625 400 689 ad
427 646 599 710 regemque
630 624 764 689 transiit
790 630 823 689 et
850 624 889 689 de
921 624 1100 689 defectione
1131 624 1237 707 patris
1266 623 1389 688 detulit

218 713 288 790 Quo
311 714 429 779 nuntio
451 713 648 779 Artaxerxes
671 715 864 795 commotus,
890 713 976 797 quod
998 712 1211 796 intellegebat
1231 711 1296 776 sibi
1319 733 1390 776 cum

217 803 286 867 viro
306 801 384 867 forti
403 823 441 867 ac
460 805 592 868 strenuo
610 801 778 886 negotium
797 823 877 887 esse,
895 801 949 885 qui
969 803 1002 866 et
1018 801 1109 884 prius
1128 800 1275 886 cogitare
1295 822 1389 885 quam

217 889 327 955 conari
345 895 534 956 consuesset
552 894 594 976 et,
618 911 690 955 cum
710 890 897 974 cogitasset,
919 890 1026 954 facere
1044 888 1187 973 auderet,
1201 888 1391 972 Autophro-

181 975 372 1132 adatem²2
395 979 431 1043 in
450 977 688 1063 Cappadociam
712 979 823 1043 mittit.
863 977 897 1043 Is
915 999 956 1042 ne
979 977 1101 1041 intrare
1120 981 1241 1060 posset,
1261 978 1392 1060 saltum,

214 1066 248 1131 in
267 1089 330 1151 quo
373 1068 477 1132 iliciae
497 1072 609 1151 portae
629 1069 705 1132 sunt
723 1068 815 1151 sitae,
831 1066 986 1131 Datames
1000 1087 1237 1150 praeoccupare
1257 1066 1391 1131 studuit

179 1170 196 1218 3
216 1154 279 1220 Sed
301 1160 370 1219 tam
398 1157 506 1220 subito
530 1157 642 1240 copias
666 1155 859 1220 contrahere
886 1177 952 1220 non
976 1154 1092 1237 potuit.
1137 1152 1251 1238 Itaque
1275 1154 1337 1218 illa
1359 1176 1392 1218 re

216 1244 367 1329 depulsus
390 1266 463 1309 cum
483 1265 522 1309 ea
539 1266 647 1328 manu,
666 1266 765 1328 quam
784 1247 998 1328 contraxerat,
1018 1242 1127 1307 locum
1146 1241 1263 1325 deligit
1282 1242 1393 1324 talem,

216 1337 253 1396 ut
270 1354 376 1416 neque
390 1333 613 1397 circumiretur
628 1333 669 1396 ab
683 1332 836 1397 hostibus
850 1352 956 1416 neque
970 1331 1162 1415 praeteriret
1176 1331 1394 1412 adversarius,

215 1420 294 1504 quin
322 1421 459 1504 ancipiti
484 1420 549 1485 illis
576 1420 656 1485 locis
687 1420 829 1503 periculo
862 1423 1075 1505 premeretur,
1102 1424 1148 1501 et,
1176 1419 1204 1483 si
1237 1418 1393 1485 dimicare

216 1530 324 1573 secum
356 1509 468 1591 vellet,
499 1531 566 1574 non
597 1511 736 1573 multum
773 1510 887 1574 obesse
924 1508 1099 1573 multitudo
1136 1507 1281 1572 hostium
1316 1516 1393 1573 suae

181 1599 521 1750 lpauclllaldll.p⁰fisaedb
553 1685 615 1750 etsi
646 1685 912 1770 Autophrodates
949 1683 1094 1768 videbat,
1130 1686 1241 1747 tamen
1281 1685 1395 1749 stetim

215 1773 332 1837 maluit
354 1774 508 1859 congredi
531 1795 628 1858 quam
651 1796 723 1838 cum
745 1774 847 1839 tantis
871 1774 972 1856 copiis
996 1771 1144 1856 refugere
1168 1780 1224 1836 aut
1248 1771 1305 1836 diu
1328 1794 1394 1837 uno

180 1861 286 1927 aleco
317 1862 435 1926 sedere.
484 1861 639 1927 Habebat
666 1862 880 1927 harbarorum
908 1860 1052 1945 equitum
1081 1859 1212 1945 viginti,
1245 1860 1395 1944 peditum

215 1953 344 2014 centum
375 1950 479 2034 milia,
506 1955 674 2035 praeterea
702 1971 813 2015 eorum
840 1971 921 2034 quos
951 1950 1001 2013 illi
1028 1948 1181 2013 cardacas
1215 1949 1396 2034 appellant,

215 2059 255 2101 ex
277 2038 407 2122 populis
430 2039 544 2104 liberis
567 2035 861 2125 conductorum23),
887 2038 951 2101 tria
974 2037 1078 2120 milia,
1101 2038 1181 2100 levis
1206 2044 1396 2102 armaturae

179 2140 196 2188 a
215 2127 391 2191 maximum
411 2149 589 2193 numerum
625 2126 695 2192 Has
714 2127 868 2192 adversus
887 2126 997 2211 copias
1017 2147 1091 2208 spes
1111 2126 1216 2190 omnis
1237 2128 1397 2190 consiste·

215 2215 272 2278 bat
286 2213 418 2279 Datami
435 2215 470 2279 in
491 2237 525 2280 se
542 2216 669 2299 locique
687 2219 821 2280 natura:
840 2235 980 2298 namque
1000 2214 1089 2278 illius
1108 2213 1250 2277 militum
1265 2219 1398 2297 partem

214 2325 279 2367 non
298 2303 442 2369 habebat
460 2304 656 2370 vicesimam.
692 2303 817 2380 Quibus
831 2302 934 2367 fretus
952 2302 1099 2367 conflixit
1119 2300 1398 2369 adversariorum·

215 2413 276 2475 que
299 2391 403 2456 multa
426 2392 517 2457 milia
540 2392 691 2475 concidit,
714 2414 788 2457 cum
807 2392 845 2456 de
868 2392 971 2475 ipsius
996 2391 1137 2455 exercitu
1160 2412 1227 2455 non
1250 2391 1398 2474 amplius

214 2479 362 2544 homines
386 2481 476 2544 mille
499 2481 698 2546 cecidissent.
746 2480 850 2556 Quam
873 2480 915 2543 ob
939 2499 1071 2544 causam
1094 2482 1227 2561 postero
1252 2479 1307 2543 die
1331 2484 1400 2545 tro-

179 2579 197 2628 4
214 2589 333 2651 paeum
351 2570 553 2653 posuitque
572 2571 642 2633 loco
661 2569 766 2653 pridie
780 2573 962 2652 pugnatum
980 2571 1060 2631 erat.
1097 2565 1176 2630 Inde
1193 2588 1268 2631 cum
1287 2573 1401 2633 castra

214 2656 369 2720 movisset
392 2678 597 2741 semperque,
620 2658 755 2722 inferior
778 2656 891 2739 copiis,
914 2655 1061 2739 superior
1084 2655 1235 2719 omnibus
1260 2657 1401 2738 proeliis

216 2743 407 2822 discederet,
432 2745 517 2828 quod
538 2767 718 2829 numquam
740 2767 874 2809 manum
899 2739 1129 2829 consererem)
1152 2744 1217 2807 nisi
1241 2764 1318 2808 eum
1344 2746 1400 2809 ad-

214 2831 373 2897 versarios
401 2834 545 2897 locorum
574 2835 735 2932 angustiis
759 2832 943 2917 clausisset,
970 2832 1056 2916 quod
1084 2831 1190 2916 perito
1220 2833 1400 2917 regionum

179 2931 195 2980 5
215 2920 394 3005 callideque
423 2920 582 3005 cogitanti
609 2943 704 3006 saepe
732 2921 911 3003 accidebat,
934 2920 1214 3003 Autophrodates,
1237 2918 1296 2984 ubi
1321 2921 1401 2987 duci

214 3009 336 3073 bellum
363 3008 486 3074 maiore
513 3011 601 3093 regis
628 3011 815 3074 calamitate
839 3031 936 3094 quam
967 3006 1228 3072 adversariorum
1251 3008 1399 3094 videbat,

213 3095 385 3162 Datamem
408 3097 559 3163 hortatus
584 3102 643 3182 est,
665 3102 703 3162 ut
727 3120 802 3163 oum
824 3118 900 3182 rege
922 3097 957 3159 in
981 3095 1123 3178 gratiam
1148 3095 1400 3181 amicitiamque

178 3186 341 3251 erediret.
387 3186 492 3263 Quam
519 3187 575 3250 ille
602 3185 666 3249 etsi
691 3185 791 3250 fidam
818 3207 884 3250 non
906 3184 974 3249 fore
999 3184 1151 3267 putabat,
1182 3187 1295 3249 tamen
1320 3207 1399 3250 con·

213 3274 371 3339 dicionem
394 3275 519 3357 accepit
537 3294 636 3357 seque
660 3274 700 3337 ad
719 3272 932 3338 Artaxerxem
951 3272 1078 3356 legatos
1101 3272 1280 3336 missurum
1302 3273 1397 3339 dixit

213 3358 266 3427 Sic
289 3362 425 3446 bellum,
453 3362 538 3445 quod
560 3382 617 3425 rex
640 3361 795 3427 aduersus
815 3360 987 3425 Datamem
1011 3364 1213 3442 susceperat,
1242 3361 1398 3426 sedatum

213 3453 271 3514 est
317 3448 583 3533 Autophrodates
606 3449 641 3511 in
663 3444 889 3534 Phrygiam²⁵)
912 3469 946 3511 se
969 3448 1101 3530 recepit.

180 3549 194 3597 1
301 3536 359 3604 IX.
383 3539 429 3602 At
447 3558 512 3620 rex,
531 3557 626 3619 quem
645 3536 852 3621 implacabile
872 3534 982 3599 odium
1003 3534 1039 3597 in
1056 3533 1234 3599 Datamem
1253 3542 1396 3620 ceperat,

212 3629 385 3712 postquam
408 3625 497 3690 bello
526 3645 600 3688 eum
623 3625 761 3707 opprimi
783 3646 851 3689 non
875 3643 969 3705 posse
993 3622 1240 3707 animadvertit,
1264 3625 1397 3690 insidiis

251 3779 557 3850 ¹1)v3pp„ugv‚3
581 3781 772 3846 magnonem
826 3775 908 3845 Konj.
941 3775 1089 3832 clausisset
1126 3778 1204 3835 siche
1243 3779 1329 3836 Anm.
1364 3798 1398 3835 zu

213 3850 285 3904 statt
293 3852 516 3919 grandemnatu.
532 3846 771 3905 EbensoTimoth.
827 3845 917 3900 Alcib.
936 3846 957 3914 1,
975 3853 1002 3900 3.

213 3919 253 3973 III
271 3925 294 3974 1.
313 3919 370 3975 Der
380 3917 774 3977 fiblichereAusdruckfindet
865 3917 902 3985 ²⁶)
919 3916 1061 3985 Phrygien
1075 3918 1189 3976 scheint
1204 3921 1281 3990 jetzt
1294 3922 1350 3977 mit
1364 3940 1398 3977 au

213 3960 275 4044 sich
297 3989 393 4047 Them.
411 3992 451 4059 II,
470 3997 495 4047 8.
533 3988 655 4045 Timoth.
675 3987 727 4057 111,
747 3995 773 4047 4.
828 3987 919 4041 seiner
943 3986 1072 4056 Satrapie
1098 3990 1202 4058 gehort
1228 4009 1264 4045 au
1293 3993 1398 4060 haben,

213 4058 295 4129 Ager.
315 4060 340 4129 1,
360 4067 385 4116 3.
486 4131 493 4143 '
828 4056 966 4111 nachdem
975 4057 1398 4144 Ariobarzanesesimoffeneu

251 4128 286 4267 33}
305 4130 516 4271 hethas
529 4131 677 4255 lita,
829 4124 988 4250 tileth
1005 4130 1314 4271 aritretus
1332 4151 1400 4260 th:

250 4268 285 4337 ¹⁴)
304 4270 360 4324 Der
369 4271 451 4341 Konj.
462 4272 538 4327 steht
551 4270 604 4325 mit
613 4271 696 4323 unter
710 4270 775 4323 dem
829 4267 929 4320 vinaen
946 4264 1035 4321 seines
1051 4268 1151 4326 Vaters
1164 4271 1333 4331 Aufnahme
1352 4293 1400 4346 ge·

213 4339 351 4395 Einflusse
387 4359 443 4397 von
480 4358 553 4397 cum.
607 4327 683 4395 Uber
719 4339 775 4394 den
829 4336 934 4390 funden
951 4336 1040 4393 hatte.
