2959 4759
270 197 330 253 VII.
353 196 577 253 ALCIBIADES.
598 204 640 255 11.
676 197 750 254 VIII.
777 197 1051 254 THRASYBULUS.
1076 205 1099 253 1.
1225 199 1267 264 27

93 360 165 425 vim
193 361 333 425 transiit
379 358 482 435 Quem
505 363 542 423 ut
556 359 697 424 ⁴barbari
723 360 906 424 incendium
934 360 1086 445 effugisse
1109 360 1269 446 viderunt,

93 450 172 514 telis
187 451 312 514 eminus
326 449 434 512 missis
451 448 684 513 interfecerunt
702 452 863 532 caputque
884 449 952 513 eius
968 448 1010 513 ad
1023 449 1269 515 Pharnabazum

93 539 302 602 rettulerunt.
324 534 376 622 {At
394 536 517 619 mulier,
542 558 623 620 quae
642 558 715 602 cum
734 558 772 601 eo
792 537 900 602 vivere
918 542 1098 621 consuerat,
1116 538 1269 602 muliebri

96 648 159 691 sua
177 629 267 691 veste
285 628 469 691 contectum
490 624 627 690 aedificii
650 625 798 690 incendio
817 630 981 691 mortuum
1000 627 1165 710 cremavit,
1184 626 1269 712 qnod

94 713 261 779 advirum
279 713 528 778 interimendum
547 715 618 778 erat
632 718 864 798 comparatum.
894 712 947 779 Sic
960 712 1148 779 Alcibiades
1166 737 1268 780 annos

93 802 205 867 minus
228 803 466 887 quinquaginta
486 805 585 866 natus
609 801 694 866 diem
718 803 802 868 obiit
824 824 1019 886 supremum.

186 890 243 955 Xl.
271 889 364 955 Hunc
388 891 583 955 infamatum
602 911 622 954 a
643 891 806 975 plerisque
824 894 890 956 tres
913 891 1097 975 gravissimi
1119 891 1268 956 historici
1289 909 1303 957 1

95 981 234 1044 summis
262 979 414 1043 laudibus
437 979 634 1044 extulerunt:
664 978 879 1064 Thucydides,
904 979 960 1063 qui
983 979 1127 1044 eiusdem
1150 980 1268 1044 aetatis

91 1067 169 1150 fuit,
192 1067 430 1151 Theopompus,
453 1067 508 1151 qui
531 1068 607 1151 post
630 1067 807 1151 aliquanto,
830 1064 906 1152 et²⁶)
930 1067 1096 1132 Timaeus:
1120 1068 1176 1151 qui
1199 1066 1269 1152 qui·

94 1154 173 1219 dem
186 1155 248 1221 duo
267 1155 567 1221 maledicentissimi
580 1155 690 1220 nescio
705 1177 770 1242 quo
784 1155 881 1221 modo
899 1157 934 1220 in
953 1156 1010 1221 illo
1025 1177 1089 1220 uno
1108 1154 1268 1221 laudando

93 1245 311 1309 consentiunt
342 1243 492 1328 Namque
512 1265 558 1324 ea,
582 1265 664 1328 quae
683 1241 826 1328 supra²⁷l
847 1244 1043 1328 scripsimus,
1062 1243 1101 1308 de
1120 1266 1158 1309 eo
1177 1266 1267 1327 prae·
1287 1261 1303 1310 r

92 1331 246 1397 dicarunt
264 1337 361 1417 atque
384 1332 448 1397 hoc
470 1332 624 1415 amplius:
648 1353 722 1396 cum
741 1331 891 1414 Athenis,
914 1331 1174 1416 splendidissima
1193 1333 1268 1397 civi·

90 1423 174 1504 tate,
196 1424 293 1485 natus
312 1424 406 1504 esset,
431 1441 541 1485 omnes
561 1442 635 1485 eum
659 1420 828 1504 splendore
847 1442 884 1485 ec
903 1420 1062 1504 dignitate
1081 1442 1267 1505 superasse:

89 1514 267 1594 postquam
286 1508 359 1574 inde
378 1510 530 1592 expulsus
550 1507 678 1573 Thebas
697 1506 898 1596 venisset²⁸),
921 1510 1001 1574 odeo
1021 1509 1137 1574 studiis
1157 1531 1267 1575 eorum
1287 1528 1303 1577 3

90 1598 283 1682 inservisse,
314 1603 352 1663 ut
382 1619 476 1662 nemo
510 1620 583 1661 eum
615 1597 726 1662 labore
760 1599 967 1682 corporisque
999 1597 1122 1663 viribus
1158 1601 1269 1681 posset

93 1687 306 1770 aequiperare
319 1683 446 1773 (omnes
466 1686 551 1750 enim
566 1684 695 1750 Boeotii
713 1686 821 1771 magis
838 1686 987 1751 firmitati
1007 1687 1151 1770 corporis
1170 1708 1267 1772 quam

91 1774 219 1858 ingenii
235 1775 380 1842 acumini
398 1774 608 1856 inserviunt):
632 1774 769 1838 eundem
788 1775 873 1858 apud
891 1774 1171 1858 Lacedaemonios,
1190 1796 1267 1859 quo·
1286 1793 1303 1841 4

92 1877 167 1926 rum
186 1863 332 1928 moribus
352 1884 479 1928 summa
496 1863 599 1926 virtus
618 1862 831 1947 inpatientia
849 1864 1040 1946 ponebatur,
1063 1863 1110 1927 sic
1130 1862 1267 1928 duritiae

93 1972 129 2015 se
154 1950 288 2035 dedisse,
310 1955 348 2017 ut
369 1951 570 2035 parsimonia
592 1950 698 2015 victus
723 1955 820 2034 atque
844 1951 950 2016 cultus
974 1972 1086 2016 omnes
1109 1949 1267 2016 Lacedae

93 2040 222 2105 monios
255 2042 414 2106 vinceret:
444 2039 545 2104 fuisse
579 2038 664 2122 apud
696 2038 873 2121 Thraeces,
904 2039 1053 2104 homines
1084 2040 1267 2105 vinolentos

91 2130 255 2213 rebusque
273 2128 413 2194 veneriis
431 2127 566 2211 deditos,
588 2126 649 2192 hos
669 2149 797 2211 quoqne
815 2127 850 2191 in
862 2127 914 2192 his
929 2127 1026 2192 rebus
1041 2128 1267 2194 antecessisse:

91 2217 220 2281 venisse
240 2217 280 2281 ad
298 2217 424 2299 Persas,
447 2215 533 2300 apud
553 2236 634 2299 quos
654 2237 782 2279 summa
802 2216 874 2280 laus
893 2220 980 2280 esset
997 2216 1127 2281 fortiter
1144 2217 1302 2302 venario

91 2305 258 2370 luxuriose
285 2305 408 2390 vivere,
433 2305 550 2369 horum
578 2303 624 2368 sic
651 2304 814 2369 imitatum
842 2305 1123 2389 consuetudinem,
1149 2309 1187 2369 ut
1218 2305 1267 2368 illi
1311 2309 1313 2314 ’

92 2392 158 2476 ipsi
181 2416 256 2459 eum
278 2394 313 2458 in
336 2393 387 2457 his
411 2393 550 2457 maxime
574 2392 820 2457 admirarentur.
857 2392 981 2469 Quibus
1003 2393 1100 2457 rebus
1124 2392 1302 2459 effecisset

92 2485 144 2566 ut,
173 2482 259 2566 apud
287 2503 505 2566 quoscumque
528 2483 627 2562 esset,
657 2481 807 2565 princeps
830 2487 1007 2565 poneretur
1028 2469 1265 2565 habereturque

93 2571 291 2636 carissimus.
337 2569 399 2635 Sed
424 2572 504 2634 setis
528 2568 665 2633 dehoc:
689 2569 833 2652 reliquos
857 2569 1031 2634 ordiamur.

432 2926 529 2999 VIII.
572 2925 929 3000 THRASYBULUS.

181 3066 208 3132 I.
241 3065 489 3150 Thrasybulum,
511 3064 590 3149 Lyci
614 3063 726 3143 lilium,
750 3063 992 3143 Atheniensem,
1015 3062 1043 3126 si
1066 3084 1124 3145 per
1147 3084 1181 3127 se
1203 3063 1266 3127 vir·
1288 3081 1302 3128 1

91 3160 145 3221 tus
170 3157 240 3220 sine
268 3155 400 3219 fortuna
426 3151 634 3238 ponderanda
662 3156 724 3235 est,
748 3151 862 3216 dubito
886 3173 929 3215 an
959 3152 1100 3237 primum
1123 3151 1267 3215 omnium

91 3266 224 3327 ponam.
269 3242 354 3307 Illud
377 3264 442 3307 non
467 3242 614 3326 dubium,
636 3240 800 3306 neminem
826 3239 902 3304 huic
925 3238 1169 3325 praeferendum
1197 3260 1267 3303 esse

92 3332 166 3418 fide,
190 3332 385 3415 constantia,
407 3330 631 3415 magnitudine
654 3329 770 3412 animi,
793 3329 828 3393 in
850 3331 992 3413 patriam
1015 3348 1134 3392 amore.
1171 3325 1302 3393 Cum-r

95 3443 157 3505 que
180 3421 277 3485 multi
299 3420 475 3501 voluerint,
497 3419 593 3502 pauci
616 3418 783 3503 potuerint
806 3418 846 3482 ab
871 3439 935 3484 uno
963 3422 1103 3504 tyranno
1126 3416 1265 3500 patriam

93 3509 244 3593 liberare,
261 3508 338 3574 huic
352 3507 499 3592 contigit,
518 3510 554 3572 ut
569 3531 588 3572 a
605 3505 741 3590 triginta
760 3528 951 3591 oppressum
969 3504 1120 3590 tyrannis
1135 3527 1152 3569 e
1167 3505 1265 3570 eervi-

92 3601 163 3663 tute
191 3599 226 3662 in
254 3597 440 3662 libertatem
468 3594 654 3661 vindicaret.
701 3593 765 3660 Sed
793 3617 866 3660 eum
894 3596 1003 3661 nescio
1033 3615 1096 3679 quo
1128 3591 1301 3680 modo¹),3

95 3708 168 3751 cum
191 3707 286 3751 nemo
311 3684 450 3750 anteiret
472 3684 539 3748 illis
558 3683 743 3768 virtutibus
766 3684 861 3748 multi
879 3684 1053 3750 nobilitate
1075 3704 1265 3766 praecucur-

93 3780 215 3839 rerunt
251 3774 397 3838 Primum
421 3773 507 3837 bello
531 3772 765 3856 Peloponnesio
788 3774 891 3837 multa
914 3794 986 3837 cum
1005 3770 1173 3836 Alcibiade
1197 3793 1266 3856 ges-

95 3861 180 3949 sict),
205 3884 287 3948 quae
305 3862 361 3926 ille
379 3862 531 3927 universa
547 3861 690 3926 naturali
710 3860 850 3945 quodam
868 3861 955 3925 bono
980 3860 1058 3924 fecit
1074 3859 1166 3928 lucri.
1203 3858 1266 3925 Sed
1284 3877 1302 3926 4

131 4074 167 4143 ¹⁶)
196 4072 303 4141 Theop.
325 4070 383 4125 und
410 4069 483 4126 Tim.
509 4068 597 4123 durch
626 4071 655 4124 et
746 4069 781 4138 ¹⁸)
799 4069 856 4124 Das
878 4070 1056 4139 plusquamp.
1076 4069 1146 4123 coni.
1167 4085 1267 4136 wegen

94 4142 269 4210 verbunden,
288 4141 353 4196 weil
375 4140 500 4212 segleich
522 4139 583 4194 eine
601 4138 654 4194 Be·
708 4139 981 4210 derAbhtngigkeit
992 4154 1047 4194 von
1060 4139 1265 4209 praedicarunt.

94 4216 233 4284 merkung
247 4212 329 4282 foIgt,
349 4212 436 4267 durch
451 4210 557 4266 welche
571 4208 654 4266 beide
747 4210 767 4281 1)
785 4209 887 4266 Nescio
896 4228 953 4280 quo
964 4209 1048 4276 modo
1063 4210 1267 4280 „auffallender

95 4282 361 4354 zusammengefesst
375 4282 494 4338 werden.
708 4281 828 4336 Weise“.

133 4356 168 4427 ¹⁷)
187 4353 368 4410 Namentlich
382 4350 654 4422 imerstenKapitel.
747 4350 768 4421 ¹)
788 4351 849 4407 Seit
867 4351 931 4405 dem
945 4351 1030 4406 Jahre
1044 4356 1106 4406 411.
