2959 4759
181 162 225 228 52
537 165 595 221 XV.
628 163 903 220 EPAMINONDAS.
927 172 953 222 4.
973 171 998 221 5.

181 327 272 409 virgo
287 326 409 390 nubilis
419 329 552 410 propter
560 329 787 411 paupertatem
802 328 954 393 collocari
967 350 1034 394 non
1042 331 1165 414 posset,
1180 328 1363 393 amicorum

181 414 352 480 concilium
375 415 520 480 habebat
543 423 584 499 et,
607 419 764 500 quantum
784 417 920 502 quisque
943 417 1044 501 daret,
1067 437 1128 501 pro
1146 416 1363 482 facultatibus

146 519 162 567 o
181 503 373 585 imperabat
409 503 556 588 Eamque
580 527 742 569 summam
766 527 838 570 cum
860 504 1052 589 confecerat,
1076 505 1258 571 adducebat
1276 527 1364 589 enm,

182 592 238 675 qui
257 592 442 675 quaerebat,
455 592 496 657 ad
515 615 580 678 ecs,
595 594 650 678 qui
669 592 888 679 conferebant,
902 594 995 678 eique
1008 599 1046 660 ut
1060 593 1123 677 ipsi
1140 598 1364 680 numerarent,

181 678 335 765 faciebat,
362 684 399 745 ut
427 680 498 766 ille,
527 682 569 746 ad
597 704 692 766 quem
715 703 754 746 ea
776 704 829 747 res
852 683 1051 767 pertinebat,
1081 682 1178 747 sciret
1201 686 1363 766 quantum

182 768 298 853 cuique
321 769 462 835 deberet.

143 872 160 921 1
269 855 317 922 IV
319 909 326 923 .
363 858 505 924 Tentata
527 862 637 924 autem
660 860 730 923 eius
754 855 853 945 est¹⁰)
877 859 1078 924 abstinentia
1100 881 1120 923 a
1142 857 1363 924 Diomedonte

179 944 351 1030 Cyziceno:
383 969 523 1032 namque
550 948 579 1012 is
609 952 726 1032 rogatu
754 946 947 1013 Artaxerxis
980 948 1068 1032 regis
1095 946 1363 1031 Epaminondam

178 1036 316 1118 pecunia
343 1035 615 1121 corrumpendum
643 1041 838 1119 susceperat.
883 1034 947 1111 Qui
970 1056 1090 1121 magno
1119 1057 1192 1100 cum
1215 1036 1392 1120 pondere.

179 1124 251 1187 auri
265 1123 394 1189 Thebas
413 1146 487 1190 cum
500 1125 654 1210 venisset,
667 1123 850 1207 Micythum
865 1124 1153 1205 adulescentulum,
1173 1145 1269 1208 quem
1288 1128 1361 1189 tum

178 1210 426 1295 Epaminondas
453 1213 630 1298 plurimum
658 1213 830 1297 diligebat,
860 1213 1001 1298 quinque
1028 1212 1163 1278 talentis
1196 1212 1236 1276 ad
1266 1234 1362 1277 suam

179 1300 383 1366 voluntatem
421 1301 580 1385 perduxit.
634 1301 800 1386 Micythus
836 1300 1099 1385 Epaminondam
1135 1301 1290 1367 convenit
1328 1306 1362 1366 ct

139 1402 312 1454 acausam
340 1388 498 1455 adventus
525 1390 754 1455 Diomedontis
782 1390 934 1458 ostendit
984 1390 1030 1454 At
1056 1390 1112 1454 ille
1139 1389 1360 1455 Diomedonte

177 1498 287 1542 coram
316 1476 421 1542 ‘nihil'
449 1479 556 1562 inquit
582 1477 678 1562 ‘opus
705 1479 843 1562 pecunia
871 1483 932 1543 est:
963 1500 1040 1542 nam
1069 1479 1098 1542 si
1124 1499 1181 1542 rex
1209 1498 1248 1542 ea
1277 1479 1360 1563 vult,

178 1587 262 1649 quae
277 1564 443 1631 Thebanis
463 1573 539 1632 sunt
556 1567 661 1648 utilia,
680 1566 783 1651 gratis
801 1566 910 1633 facere
930 1588 1002 1631 sum
1018 1569 1163 1652 paratus,
1178 1567 1229 1630 sin
1246 1570 1359 1631 autem

178 1655 351 1735 contraria,
374 1655 564 1720 nonhabet
587 1655 658 1720 auri
682 1659 779 1739 atque
803 1653 931 1741 argenti
957 1656 1046 1719 satis.
1092 1653 1244 1739 Namque
1268 1655 1357 1719 orbis

138 1744 342 1808 eterrarum
366 1743 494 1808 divitias
518 1744 664 1827 accipere
687 1746 763 1808 nolo
786 1765 847 1829 pro
869 1743 995 1828 patriae
1019 1743 1165 1808 caritate.
1197 1742 1247 1806 ru
1271 1743 1358 1826 quod

178 1853 230 1896 me
253 1832 458 1917 incognitum
481 1834 617 1897 tentasti
639 1832 753 1916 tuique
776 1833 915 1897 similem
939 1831 1145 1914 existimasti,
1166 1852 1234 1895 non
1257 1832 1360 1898 miror

178 1920 303 2004 tibique
322 1920 473 2004 ignoscoz
497 1920 553 1985 sed
573 1921 725 2005 egredere
744 1941 854 2005 prope,
876 1941 926 2003 ne,
950 1941 1024 1985 cum
1042 1941 1094 1983 me
1116 1940 1183 1984 non
1205 1920 1359 2006 potueris,

179 2009 261 2073 alios
285 2024 484 2092 corrumpas.
529 2009 576 2075 Et
602 2014 652 2093 tu,
675 2008 834 2092 Micythe,
864 2011 1035 2094 argentum
1058 2007 1134 2072 huic
1157 2007 1269 2092 redde,
1292 2014 1358 2093 aut,

140 2096 242 2161 enisi
266 2096 300 2161 id
323 2097 494 2163 confestim
516 2097 613 2183 facis,
641 2117 703 2181 ego
726 2102 760 2161 te
783 2097 912 2163 tradam
936 2095 1165 2182 magistratui'.
1211 2095 1358 2182 Cumque

179 2185 364 2251 Diomedon
390 2190 537 2271 rogaret,
568 2191 606 2254 ut
632 2189 704 2251 tuto
737 2186 823 2250 exire
851 2206 973 2270 suaque
1004 2184 1069 2249 sibi
1094 2185 1208 2249 liceret
1235 2185 1358 2270 efferre,

179 2273 281 2339 ‘istud
304 2273 445 2360 quidem'
468 2275 575 2359 inquit
598 2273 738 2360 faciam,
760 2271 910 2360 nequeu)
928 2278 987 2338 tua
1005 2294 1112 2356 causa,
1132 2273 1188 2337 sed
1206 2295 1359 2359 meane,

179 2363 206 2427 si
230 2362 291 2427 tibi
320 2364 365 2428 sit
391 2365 528 2448 pecunia
555 2363 720 2448 adempta,
749 2363 866 2448 aliquis
895 2363 982 2427 dicat
1009 2361 1218 2445 ereptumid
1241 2361 1283 2426 ad
1306 2384 1357 2427 me

143 2451 375 2537 operaenisse,
398 2452 483 2537 quod
506 2452 649 2517 delatum
673 2453 819 2536 accipere
844 2448 1043 2518 noluissem'.
1087 2448 1229 2515 Etcum
1253 2451 1294 2515 ab
1319 2473 1356 2518 eo

178 2540 373 2643 quaesisset,
403 2562 479 2643 quo⁸
494 2562 529 2605 se
558 2540 671 2605 deduci
698 2542 810 2625 vellet,
839 2543 936 2641 atque
959 2539 1014 2603 ille
1037 2538 1185 2603 Athenas
1212 2539 1357 2642 dixisset,

177 2628 396 2801 runnu
409 2625 1357 2802 trahereturabnuunt,uu

179 2803 356 2870 Chabriam
388 2805 634 2889 Atheniensem,
670 2805 709 2869 de
747 2827 810 2891 quo
845 2827 943 2889 supra
979 2805 1178 2870 mentionem
1210 2804 1357 2890 fecimus,

178 2894 295 2960 effecit.
342 2893 569 2960 Abstinentiae
593 2893 655 2960 orit
677 2894 740 2959 hcc
765 2894 844 2958 satis
867 2893 1057 2958 testimonii.

144 2997 158 3046 1
267 2981 308 3049 V.
339 2982 416 3047 Fuit
438 2984 538 3049 etiam
562 2983 715 3064 disertus,
743 2986 781 3047 ut
803 3003 899 3047 nemo
924 2982 954 3047 ei
976 2981 1149 3046 Thebanus
1177 2985 1357 3068 parasset,

177 3093 283 3155 neque
307 3072 414 3136 minus
438 3072 615 3138 concinnus
637 3071 672 3136 in
691 3073 852 3137 brevitate
876 3069 1094 3154 respondendi
1113 3091 1210 3153 quam
1233 3070 1271 3134 in
1288 3093 1357 3154 per·

140 3175 158 3223 2
178 3164 277 3244 petua
300 3161 446 3225 oratione
470 3166 615 3226 ornatus.
655 3159 781 3225 Habuit
804 3159 1057 3224 obtrectatorem
1079 3162 1113 3222 et
1136 3157 1356 3225 adversarium

177 3251 210 3313 in
235 3249 494 3314 administranda
516 3249 685 3333 republica
707 3247 919 3313 Meneclidem
945 3246 1104 3330 quendam
1132 3246 1213 3311 satis
1237 3248 1356 3313 exerci-

178 3341 283 3402 tatum
301 3338 336 3401 in
354 3337 500 3416 dicendo,
517 3339 554 3402 ut
572 3337 765 3402 Thebanum
785 3336 922 3400 scilicet:
941 3356 1082 3419 namque
1099 3334 1150 3398 illi
1168 3335 1262 3419 genti
1281 3337 1354 3420 plus

141 3426 265 3490 ainest
296 3425 417 3490 uirium
449 3447 547 3509 quam
580 3425 712 3510 ingenii.
758 3423 806 3508 Is,
835 3424 919 3508 quod
950 3424 986 3487 in
1016 3444 1051 3487 re
1079 3407 1213 3487 militari
1240 3424 1356 3489 florere

178 3513 439 3600 Epaminondam
455 3513 595 3597 videbat,
613 3535 653 3577 ne
667 3512 755 3577 illius
770 3512 978 3597 imperatoris
997 3533 1097 3595 opera
1111 3511 1356 3596 desideraretur,

178 3602 305 3667 hortari
329 3602 456 3667 solebat
479 3601 662 3685 Thebanos,
685 3604 722 3665 ut
739 3623 854 3686 pacem
877 3600 964 3665 bello
988 3600 1196 3665 anteferrent
1232 3600 1280 3665 At
1302 3602 1355 3665 ille

179 3690 293 3756 ‘fallis'
308 3692 414 3775 inquit
428 3689 540 3755 ‘verbo
555 3690 651 3773 cives,
661 3690 747 3773 quod
762 3712 781 3754 a
795 3689 882 3754 bello
898 3710 1030 3753 avocas:
1049 3688 1109 3752 otii
1123 3689 1208 3753 enim
1222 3690 1356 3755 nomine

142 3796 160 3843 4
181 3780 371 3844 servitutem
398 3778 563 3844 concilias.
608 3777 694 3842 Nam
717 3779 843 3860 paritur
870 3800 935 3861 pax
958 3777 1055 3842 bello.
1099 3776 1215 3860 Itaque
1238 3779 1357 3860 quiea

181 3867 307 3931 diutina
338 3867 452 3933 volunt
483 3867 562 3951 frui,
594 3866 682 3931 bello
715 3866 883 3930 exercitati
915 3887 985 3929 esse
1015 3864 1142 3929 debent.
1188 3864 1296 3941 Quare
1328 3866 1356 3930 si

181 3956 343 4040 principes
363 3954 518 4021 Graeciae
541 3976 620 4039 paee
639 3957 820 4019 ceterorum
838 3955 936 4018 vultis
955 3975 1033 4036 esse,
1057 3953 1172 4017 castris
1192 3957 1243 4018 est
1260 3954 1353 4021 vobis

145 4061 162 4109 n
181 4043 347 4127 utendum,
364 4064 431 4108 non
449 4043 634 4127 palaestra'.
670 4042 760 4107 Idem
778 4042 833 4107 ille
852 4042 1046 4107 Meneclides
1065 4063 1139 4107 cum
1153 4039 1354 4125 Epaminon·

218 4251 251 4322 ιο)
265 4250 419 4305 vallense
431 4249 635 4307 mithara.
654 4250 737 4304 aaa
830 4249 863 4318 11)
881 4210 962 4303 enm.
981 4266 1015 4304 au
1033 4249 1108 4320 rges
1126 4250 1174 4321 ur,
1191 4256 1217 4305 a.

178 4340 274 4378 xerxes
292 4321 326 4375 Π.
345 4321 477 4377 Mnemon
495 4326 646 4378 loo-359.
