2959 4759
581 209 614 266 X.
642 208 741 267 DION.
767 215 845 267 6-8.
1255 210 1301 274 35

117 371 397 455 adversarIorum,
419 373 511 435 ratus
534 372 695 436 neminem
725 372 795 436 sine
818 372 948 456 magnis
976 372 1078 458 copiis
1101 373 1141 437 ad
1166 395 1200 437 se
1223 395 1297 438 ven-

115 464 246 525 turum:
264 481 347 544 quae
366 481 417 525 res
437 480 511 523 eum
529 460 655 525 fefellit
687 458 719 524 N
721 482 774 524 am
792 459 880 525 Dion
899 482 1009 526 eorum
1027 463 1171 546 ipsorum
1191 483 1297 546 opera,
1317 476 1335 524 o

115 550 177 635 qui
208 549 267 614 sub
292 547 471 614 adversarii
498 548 628 613 fuerant
649 551 829 633 potestate,
851 550 958 633 regios
983 551 1116 633 spiritus
1145 550 1299 635 repressit

115 639 288 722 totiusque
311 637 380 702 eius
403 635 509 720 partis
534 636 663 702 Siciliae
686 637 811 721 potitus
835 642 895 719 est,
919 659 1000 722 quae
1021 637 1179 721 Dionysio
1202 660 1297 722 paru-

116 729 203 809 erat,
220 726 355 810 parique
373 726 470 791 modo
485 725 576 790 urbis
590 723 823 810 Syracusarum
844 730 972 809 praeter
986 748 1093 791 arcem
1108 731 1141 791 et
1158 727 1298 791 insulam

117 815 310 880 adiunctam
338 813 473 897 oppido,
504 835 606 898 eoque
634 835 702 878 rem
724 814 888 899 perduxit,
917 817 953 879 ut
979 814 1030 879 his
1055 815 1335 880 condicionibuso

115 925 236 987 pacem
258 906 419 986 tyrannus
438 901 547 967 facere
566 903 678 968 vellet:
703 901 847 968 Siciliam
867 901 956 967 Dion
975 902 1146 985 obtineret,
1167 902 1298 969 Italiam

116 991 315 1075 Dionysius,
338 990 517 1074 Syracusas
541 988 829 1077 Apollocrates22),
852 992 902 1056 cui
926 992 1100 1055 maximam
1123 991 1218 1056 fidem
1241 994 1299 1056 uni

117 1081 275 1145 habebat.
311 1078 407 1143 Hunc
425 1084 545 1164 postea
563 1078 649 1144 Dion
668 1079 756 1145 fame
775 1083 962 1164 superatum
982 1101 1054 1145 cum
1073 1081 1141 1144 suis
1166 1082 1207 1160 [a.
1218 1080 1296 1159 356]

118 1168 316 1234 ineolumem
341 1168 431 1232 abire
453 1189 569 1253 passus
593 1171 652 1233 est.

211 1255 270 1322 VI.
307 1255 376 1320 Has
399 1259 467 1320 tam
490 1277 664 1341 prosperas
687 1261 821 1341 tamque
844 1256 1031 1340 inopinatas
1053 1277 1105 1321 res
1127 1261 1333 1321 consecutur

124 1349 176 1411 est
210 1345 320 1410 subita
351 1345 575 1426 commutatio,
604 1345 688 1429 quod
719 1344 853 1409 fortuna
886 1366 944 1410 sua
975 1344 1171 1430 mobilitate,
1203 1367 1299 1429 quem

123 1436 225 1520 paulo
249 1436 326 1498 ante
349 1433 523 1515 extulerat,
546 1432 731 1520 demergere
755 1438 806 1498 est
828 1434 952 1499 adorta.
997 1433 1143 1498 Primum
1166 1433 1200 1497 in
1223 1433 1336 1518 filio,2

122 1522 161 1587 de
192 1545 257 1607 quo
285 1522 539 1587 commemoravi
567 1544 677 1607 supra,
699 1523 767 1588 vim
794 1544 887 1587 suam
915 1523 1067 1587 exercuit
1110 1521 1197 1586 Nam
1226 1544 1298 1587 cum

120 1633 258 1677 uxorem
286 1610 482 1694 reduxisset,
511 1632 594 1694 quae
622 1612 680 1676 alii
708 1611 814 1676 fuerat
840 1611 974 1694 tradita,
1002 1611 1166 1694 filiumque
1198 1611 1300 1676 vellet

120 1723 139 1765 a
167 1700 297 1783 perdita
262 1698 452 1764 tluxuria
480 1699 521 1763 ad
548 1700 702 1764 virtutem
729 1720 895 1783 revocare,
918 1700 1042 1783 accepit
1066 1700 1297 1784 gravissimum

119 1810 239 1891 parens
272 1788 389 1853 vulnus
421 1791 526 1852 morte
558 1787 627 1852 filii.
676 1787 802 1853 Deinde
835 1792 908 1853 orta
940 1789 1099 1853 dissensio
1132 1793 1182 1852 est
1213 1788 1332 1853 iutere

119 1879 229 1963 ipsum
253 1880 286 1941 et
309 1875 531 1960 Heraclidem,
555 1877 609 1960 qui
634 1877 719 1960 quod
743 1877 962 1960 principatum
985 1876 1036 1940 illi
1058 1898 1125 1941 non
1149 1875 1298 1941 concede

119 1967 191 2047 bat,
224 1965 400 2030 factionem
433 1964 496 2029 sibi
523 1962 780 2067 comparavit²⁸)
823 1964 974 2050 Neque
964 1987 993 2029 1s
1025 1965 1133 2030 miuus
1166 1965 1298 2030 valebat

119 2055 251 2157 opibus:
274 2075 351 2118 nam
370 2075 531 2119 consensu
551 2053 694 2119 civitatis
717 2058 868 2139 praeerat
887 2055 992 2137 classi,
1011 2075 1084 2118 cum
1103 2052 1190 2118 Dion
1209 2075 1296 2118 exer·

120 2142 222 2208 citum
249 2142 432 2226 pedestrem
460 2145 595 2207 teneret.
640 2140 716 2207 Non
745 2143 824 2207 tulit
849 2142 912 2208 hoc
938 2143 1048 2208 animo
1076 2164 1178 2226 aequo
1201 2142 1332 2245 Dion,4

119 2236 153 2296 et
179 2253 309 2297 versum
337 2231 430 2295 illum
454 2230 589 2295 Homeri
611 2231 740 2298 rettulit
764 2254 803 2296 ex
832 2231 972 2297 secunda
999 2227 1272 2315 rhapsodiau),
1262 2254 1296 2295 ιιι

119 2342 184 2405 quo
213 2319 295 2384 haec
324 2340 380 2383 sen
382 2319 486 2384 tentia
515 2324 578 2383 est:
605 2341 672 2384 non
699 2341 795 2404 posse
824 2320 905 2384 bene⁸
933 2322 1002 2406 geri
1031 2342 1100 2385 rem
1131 2319 1296 2403 publicam

119 2343 325 2473 iirultorum
315 2407 469 2492 imperiis.
503 2405 596 2482 Quod
615 2407 682 2473 dict
667 2412 738 2473 tum
757 2429 879 2512 magna
896 2408 1019 2474 invidia
1038 2413 1190 2474 conseant
1192 2430 1212 2473 a
1229 2412 1288 2474 estc

119 2517 259 2581 namque
290 2497 456 2580 aperuisse
486 2496 618 2562 videbat
603 2500 657 2561 tur
684 2498 795 2562 omnia
825 2498 859 2562 in
887 2520 945 2563 sua
973 2500 1134 2582 potestate
1163 2518 1233 2562 esse
1261 2519 1296 2561 se

118 2586 210 2650 velle.
245 2583 340 2649 Hanc
362 2585 419 2649 ille
435 2607 500 2651 non
524 2585 626 2649 lenire
645 2586 810 2671 obsequio,
835 2586 890 2651 sed
916 2585 1039 2652 acerbit
1024 2588 1093 2650 tate
1113 2607 1295 2669 opprimere
1314 2601 1330 2652 5

119 2674 254 2757 studuit,
270 2673 549 2758 Heraclidemque,
582 2696 654 2739 cum
675 2673 856 2759 Syracusas
874 2675 1024 2759 venisset,
1045 2675 1296 2740 interficundum

119 2762 252 2828 curavit

209 2849 282 2915 VII.
321 2849 414 2926 Quod
445 2850 568 2915 factum
601 2852 753 2916 omnibus
785 2853 961 2916 maximum
989 2853 1138 2917 timorem
1166 2852 1330 2919 iniecit:1

120 2961 216 3004 nemo
241 2939 328 3003 enim
355 2940 412 3004 illo
440 2939 613 3003 interfecto
637 2961 672 3004 se
698 2943 807 3004 tutum
833 2941 980 3023 putabat.
1025 2939 1084 3004 Ille
1109 2944 1217 3005 autem
1241 2941 1296 3005 ad-

13 3031 14 3034 ’
119 3028 263 3093 versario
290 3032 417 3093 remoto
445 3028 598 3093 licentius
626 3049 736 3092 eorum
760 3029 860 3112 bona,
883 3049 963 3113 quos
991 3028 1114 3092 sciebat
1141 3028 1295 3093 adversus

120 3138 153 3180 se
177 3116 326 3197 sensisse,
350 3115 509 3181 militibus
532 3115 724 3199 dispertivit.
758 3116 882 3193 Quibus
905 3115 1018 3180 divisis
1042 3137 1116 3180 cum
1139 3115 1329 3181 cotidianis

119 3206 252 3269 maximr
243 3205 386 3269 'fierent
404 3207 560 3357 sumptus,
580 3203 728 3268 celeriter
750 3205 889 3306 pecunia
908 3204 1019 3268 deesse
1043 3204 1158 3289 coepit,
1180 3225 1294 3306 neque,

125 3315 189 3377 quo
212 3314 328 3357 manus
350 3293 541 3377 porrigere,
564 3293 759 3376 suppetebat
780 3293 844 3356 nisi
866 3293 901 3357 in
919 3293 1095 3358 amicorum
1117 3294 1295 3394 possessio·

121 3379 730 3466 nes.Ide1usmodierat,ut,cum
754 3382 875 3446 milites
899 3381 962 3447 sibi
986 3381 1179 3467 conciliaret,
1202 3381 1294 3446 amit

117 3472 203 3534 teret
225 3469 409 3552 optimates.
455 3432 597 3545 Quardm
615 3491 724 3535 rerum
749 3492 826 3536 cura
848 3470 1062 3556 frangebatur
1086 3473 1119 3535 et
1145 3472 1291 3536 insuetus
1310 3488 1328 3536 3

117 3559 202 3622 male
231 3558 383 3623 audiendi
409 3579 477 3623 non
505 3559 614 3623 animo
643 3580 746 3643 aequo
774 3559 914 3644 ferebat,
941 3559 980 3623 de
1003 3581 1039 3624 se
1067 3559 1109 3623 ab
1137 3559 1178 3625 iis
1207 3560 1293 3626 male

118 3647 309 3730 existimari,
328 3668 464 3731 quorum
482 3648 581 3731 paulo
597 3650 673 3712 ante
692 3648 726 3712 in
741 3648 866 3713 caelum
885 3649 994 3712 fuerat
1007 3649 1111 3712 elatus
1130 3647 1292 3713 laudibus.

116 3732 243 3820 Vulgus
268 3739 377 3801 autem
396 3734 519 3801 offensa
541 3736 575 3800 in
594 3757 668 3799 eum
686 3737 786 3801 etiam
809 3738 949 3801 militum
958 3733 997 3817 ιι)
1020 3736 1188 3801 voluntate
1211 3736 1291 3801 libe·

115 3822 182 3888 rius
206 3823 403 3907 loquebatur
425 3827 458 3889 et
480 3829 657 3908 tyrannum
679 3847 746 3890 non
768 3825 936 3890 ferendum
960 3823 1142 3888 dictitabat.

205 3911 295 3976 VIII.
332 3911 421 3976 Haec
451 3912 508 3976 ille
538 3913 667 3978 intuens
698 3935 771 3978 cum
801 3936 897 3998 quem
928 3911 969 3977 ad
998 3911 1131 3976 modum
1164 3912 1325 3979 sedaretr

154 4084 189 4155 ²¹)
213 4085 290 4139 Sohn
308 4086 357 4140 des
376 4084 534 4155 Dionysius.
558 4084 596 4137 Er
614 4102 676 4142 ver·
730 4102 767 4139 an
780 4086 829 4141 der
845 4083 979 4155 Spitze
954 4101 1031 4139 emer
1045 4085 1290 4142 demokratischen

119 4153 237 4227 teidigte
257 4155 303 4211 die
320 4158 403 4227 Burg.
728 4157 832 4212 Partei.

766 4225 886 4295 ¹⁴)llias
904 4226 942 4295 H,
962 4232 1023 4282 204

153 4295 190 4367 ”)
221 4295 294 4352 Dion
327 4297 408 4351 stand
440 4314 476 4352 an
507 4297 556 4352 der
582 4297 675 4367 Spitae
766 4297 802 4368 ¹⁶)
829 4297 910 4352 Denn
936 4269 1022 4353 ihnen
1048 4298 1155 4353 konnte
1180 4316 1210 4354 er
1232 4316 1290 4352 nun

119 4365 195 4423 einer
221 4367 481 4436 aristolrratischen,
507 4367 675 4424 Heraklides
728 4369 823 4423 nichts
841 4369 921 4422 mehr
939 4368 1087 4425 schenken.

1037 4456 1075 4510 3*
