2959 4759
191 121 233 186 16
476 126 523 182 lV.
551 125 767 183 PAUSANIAS.
791 135 817 186 6.
853 130 887 187 V.
915 132 1040 189 CIMON.
1066 142 1090 192 1.

156 300 169 346 1
280 284 321 351 V.
358 285 420 352 His
442 288 541 353 rebus
566 288 681 374 ephori
709 292 849 376 cognitis
877 315 945 359 non
969 296 1090 363 diutius
1114 305 1384 384 exspectandum

190 376 389 458 statuerunt,
423 376 479 441 sed
514 378 617 442 satius
654 384 811 462 putarunt
843 382 877 445 in
908 384 988 449 urbe
1021 407 1094 450 eum
1127 393 1383 475 comprehendi.

188 460 260 537 tluo
284 463 350 529 illis
373 465 528 548 profectis
551 466 741 553 Pausanias,
765 470 819 553 qui
842 472 981 556 placato,
1004 477 1040 538 nt
1062 478 1214 562 putabat,
1238 480 1381 567 Argilio

187 547 257 634 ipse
281 574 408 637 quoque
426 552 704 620 Lacedaemonem
726 561 914 642 reverterat,
938 581 1011 625 cum
1034 564 1101 629 iam
1121 565 1156 629 in
1177 589 1215 633 eo
1237 569 1382 658 essetll)

188 643 225 703 ut
248 641 589 726 comprehenderetur,
613 665 652 710 ex
675 645 768 710 vultu
791 646 959 713 cuiusdam
981 650 1110 735 ephori,
1134 655 1191 738 qui
1216 679 1294 723 eum
1321 661 1381 726 ad-

151 730 313 795 amoueri
341 732 508 815 cupiebat,
535 732 671 797 insidias
700 734 764 798 sibi
791 734 863 799 fieri
892 738 1063 804 intellexit.
1108 740 1226 828 Itaque
1256 751 1381 831 paucis

187 821 263 883 ante
282 820 449 904 gradihus,
468 842 564 905 quam
584 823 640 904 qui
659 844 733 887 eum
752 824 980 910 sequebantur,
1002 828 1039 892 in
1057 829 1170 895 aedem
1190 832 1382 923 Minervae,

185 928 268 990 quae
301 906 511 974 Ohalcioecos
544 913 693 994 vocatur,
725 912 881 997 confugit
927 913 1014 980 Hinc
1045 939 1086 981 ne
1119 920 1206 985 exire
1244 931 1380 1010 posset,

184 995 298 1060 statim
326 997 443 1081 ephori
464 999 578 1063 valvas
603 999 671 1063 eius
700 999 788 1064 aedis
812 1001 1044 1068 obstruxerunt
1073 1011 1282 1097 tectumque,
1307 1036 1380 1098 quo

147 1084 319 1150 adelerius
349 1086 509 1151 subdivo
538 1087 703 1165 interiret,
727 1092 804 1152 sunt
833 1088 986 1155 demoliti.
1022 1091 1198 1181 Diciturfl)
1223 1121 1264 1165 eo
1290 1105 1379 1168 tem·

182 1195 262 1256 pore
286 1178 422 1239 matrem
440 1172 621 1239 Pausaniae
644 1175 746 1241 fuisse
769 1179 976 1259 superstitem
996 1202 1132 1266 eamque
1157 1185 1225 1251 iam
1245 1211 1379 1276 magno

182 1264 277 1344 natu,
299 1267 475 1347 postquam
503 1261 543 1327 de
567 1263 688 1328 scelere
716 1264 777 1328 filii
799 1268 970 1350 comperit,
992 1268 1028 1332 in
1050 1273 1166 1353 primis
1191 1276 1234 1340 ad
1263 1280 1379 1346 filium

145 1365 163 1413 4
181 1350 397 1415 claudendum
411 1350 553 1435 lapidem
568 1352 609 1416 ad
627 1352 798 1416 introitum
819 1354 907 1419 aedis
926 1357 1086 1426 attulisse.
1114 1359 1168 1425 Sic
1181 1361 1379 1435 Pausanias
1473 1431 1474 1452 ,

182 1458 337 1523 magnam
364 1439 445 1505 belli
473 1439 612 1523 gloriam
640 1440 728 1523 turpi
763 1445 868 1506 morte
895 1446 1078 1512 maculavit.
1123 1448 1260 1518 Etenim
1295 1478 1378 1524 oum
1473 1523 1474 1526 ,

181 1527 381 1592 semianimis
406 1529 445 1592 de
468 1528 593 1612 templo
617 1528 722 1593 elatus
746 1532 841 1614 esset,
863 1532 1034 1598 confestim
1058 1536 1202 1604 animam
1229 1545 1376 1629 [aeta]

145 1631 161 1680 5
181 1615 314 1681 efflavit
351 1613 452 1681 Cuius
476 1618 598 1681 mortui
621 1638 738 1699 corpus
762 1639 834 1682 cum
858 1619 1017 1707 eodem18)
1040 1627 1194 1691 nonnulli
1218 1631 1376 1701 dicerent
1473 1657 1474 1668 ¹

179 1704 293 1770 inferri
317 1709 483 1789 oportere,
507 1726 570 1789 quo
595 1705 651 1789 qui
674 1706 715 1770 ad
739 1706 934 1790 supplicium
958 1716 1066 1776 essent
1089 1712 1171 1798 dati,
1195 1717 1376 1803 displicuit
1473 1781 1474 1804 ,

180 1793 338 1878 pluribus,
362 1797 395 1857 et
416 1794 530 1877 procul
538 1790 577 1879 19)
601 1794 642 1858 ab
662 1814 699 1857 eo
718 1793 790 1859 loco
809 1794 1005 1883 infoderunt,
1024 1821 1088 1883 quo
1108 1807 1180 1868 erat
1203 1813 1374 1878 mortuns.

180 1880 260 1946 Inde
282 1883 446 1965 posterius
471 1881 521 1945 dei
540 1880 693 1966 Delphici
715 1903 873 1966 responso
900 1890 1009 1951 erutus
1033 1892 1130 1973 atque
1150 1893 1269 1961 eodem
1295 1899 1375 1967 loco

180 1971 338 2055 sepultus.
353 1975 416 2056 est,
439 1970 496 2035 ubi
519 1971 622 2036 vitam
644 1975 807 2054 posuerat.

642 2292 686 2366 v,
728 2251 890 2365 (ΗΜΘΝ.

142 2447 156 2495 1
264 2431 290 2497 I.
332 2428 462 2515 Cimon,
490 2429 648 2495 Miltiadis
679 2430 781 2510 filius,
812 2428 1034 2518 Atheniensis,
1067 2434 1147 2503 eluro
1181 2442 1369 2515 admodum

174 2519 270 2583 initio
294 2541 371 2590 usus
395 2523 446 2583 est
469 2518 717 2583 adulescentiae.
750 2517 836 2584 Nam
856 2525 1038 2602 cumpater
1057 2525 1126 2590 eius
1145 2528 1370 2603 litemaesti-

175 2612 298 2672 matam
328 2609 449 2692 populo
482 2608 607 2671 solvere
636 2627 703 2671 non
732 2607 895 2690 potuisset
925 2607 967 2671 ob
996 2632 1131 2695 eamque
1162 2638 1299 2687 oausam
1332 2629 1370 2692 in

174 2697 314 2761 vinculis
337 2696 477 2780 puhlicis
500 2695 707 2776 decessisset,
732 2693 847 2759 Oimon
871 2694 982 2759 eadem
1010 2703 1158 2767 custodia
1181 2710 1369 2780 tenebatur

174 2806 279 2868 neque
299 2785 427 2869 legibus
442 2785 549 2848 emitti
567 2787 706 2868 poterat,
724 2783 790 2847 nisi
804 2784 984 2869 pecuniam,
1004 2809 1070 2871 qua
1082 2796 1177 2874 pater
1196 2800 1366 2870 multatus

138 2878 258 2959 ierat,
286 2873 447 2939 solvisset.
492 2871 647 2938 Habebat
674 2875 783 2937 autem
811 2873 846 2935 in
873 2874 1080 2941 matrimonio
1110 2901 1260 2950 sororem
1289 2912 1367 2975 ger-

173 2960 338 3049 manamrp
368 2963 501 3027 nomine
530 2960 718 3047 Elpinicen,
749 2981 817 3025 non
851 2960 958 3024 minus
993 2984 1084 3029 more
1112 2990 1212 3052 quam
1246 2998 1366 3047 amore
1473 2967 1474 2970 Ἴ

173 3049 337 3139 ductus²):
355 3073 495 3136 namque
511 3050 767 3116 Atheniensibus
785 3049 866 3114 licet
878 3048 989 3113 eodem
1007 3057 1101 3136 patre
1121 3063 1219 3125 natas
1239 3086 1364 3135 uxores

136 3158 153 3206 3
173 3141 296 3205 ducere.
330 3139 437 3205 Huius
458 3139 600 3225 coniugii
619 3139 753 3224 cupidus
773 3136 893 3203 Gallias
914 3139 1053 3220 quidam,
1078 3164 1145 3208 non
1163 3151 1234 3214 tam
1259 3176 1366 3237 gene.

171 3227 299 3316 rosusl)
334 3251 431 3313 quam
463 3230 672 3315 pecuniosus,
701 3228 755 3311 qui
788 3246 925 3309 magnas
958 3231 1114 3310 pecunias
1144 3255 1183 3298 ex
1212 3248 1364 3313 metallis

210 3440 242 3508 10)
262 3437 485 3509 Unperstnliche
498 3439 666 3509 Redensart,
680 3454 734 3491 nur
788 3435 818 3489 in
837 3433 887 3488 der
904 3433 985 3488 Nthe
1009 3436 1088 3504 (Hor.
1108 3444 1161 3496 sat
1180 3445 1221 3514 ΙΙ,
1242 3455 1274 3519 e,
1297 3460 1362 3512 105,

60 3523 66 3532 '
170 3512 233 3567 hier
251 3512 309 3565 und
327 3509 471 3577 MiltVII,
487 3516 512 3565 3.
541 3497 621 3563 Ofter
638 3510 690 3563 hat
704 3524 733 3589 es
788 3505 872 3575 Verg.
891 3507 959 3559 Aen.
978 3504 1011 3572 X,
1031 3511 1103 3590 aab).
1173 3583 1180 3596 .

170 3584 230 3636 erst
248 3580 353 3637 Livius.
381 3579 420 3635 Es
438 3581 490 3647 ist,
508 3580 563 3635 wie
581 3580 668 3635 violes
687 3580 733 3633 ber
827 3578 846 3644 l)
875 3573 1030 3629 Germanus
1058 3579 1121 3633 hier
1143 3601 1198 3639 wie
1222 3588 1363 3654 Praeti

170 3652 279 3722 Nepos,
311 3670 362 3708 aus
390 3653 440 3707 der
467 3650 732 3721 Umgangssprache
787 3664 865 3728 „von
889 3645 1052 3702 demselben
1075 3650 1196 3723 Vater“;
1222 3660 1362 3735 dagegen

168 3726 358 3778 entnommen.
787 3720 913 3773 utermus
932 3734 1007 3784 „von
1025 3720 1174 3779 desselben
1192 3728 1341 3795 Mutter“.

208 3793 243 3862 ¹⁷)
257 3790 733 3863 Dasunpersbnliehedicitursteht
824 3789 846 3858 ²)
854 3786 960 3842 Ductus
968 3787 1119 3873 istiniolge
1127 3794 1207 3852 eines
1215 3800 1360 3878 Zeugma,

167 3880 224 3919 von
247 3864 324 3919 einer
347 3864 491 3919 einzelnen
514 3865 642 3934 Amsaga
665 3863 733 3916 oder
786 3861 850 3914 dem
874 3859 1028 3928 Wortsplel
1050 3863 1175 3933 culisbe,
1200 3875 1277 3928 auch
1305 3884 1363 3936 auf

168 3935 364 4003 Behauptung.
400 3932 469 3988 Also
494 3935 567 3990 hier:
586 3950 640 4003 „es
659 3932 729 3988 wird
783 3947 861 3986 more
880 3931 1011 3997 beregen.
1041 3932 1078 3985 Es
1093 3934 1177 3992 sollte
1192 3942 1361 4012 eigentlich

167 4005 242 4060 auch
260 4005 447 4074 behauptet“,
466 4005 546 4060 nicht
564 4004 728 4076 allgemein:
783 4000 893 4055 heissen
910 4003 1055 4080 utuamore
1073 4001 1190 4076 ductus,
1209 4011 1255 4070 ita.
1274 4035 1360 4079 more
1473 4005 1474 4014 ¹

166 4092 221 4145 „es
240 4074 324 4131 soll“.
783 4088 841 4125 non
858 4068 1017 4150 impeditus.

205 4146 239 4215 18)
258 4145 292 4199 In
305 4145 368 4200 eine
383 4143 520 4200 Schluoht
538 4145 662 4201 ntmlich
678 4144 727 4198 des
822 4141 843 4208 ⁸)
862 4139 930 4194 Also
944 4139 1024 4217 maht
1037 4144 1167 4222 austdem
1182 4150 1358 4220 bekannten

165 4216 346 4356 Tasslgeiiilh.
370 4286 401 4341 in
419 4285 526 4355 einiger
543 4286 727 4353 Enuernuna
782 4207 1357 4365 {assuspigpruffpffic1ng11lpipsipffi,
