2959 4759
184 189 226 253 18
451 190 483 247 V.
507 189 633 246 CIMON.
656 198 682 247 3.
697 197 722 246 4.
764 191 809 246 VI.
832 190 1038 247 LYSANDER.
1064 199 1087 247 1.

149 369 165 418 3
184 357 295 419 cutum
309 355 368 418 est.
396 352 510 437 Itaque
528 357 605 438 post
623 375 744 418 annum
760 354 918 439 quintum,
936 375 1033 438 quam
1053 355 1205 439 expulsus
1226 356 1360 437 [arcs]

184 445 269 526 erat,
296 441 331 505 in
358 442 499 525 patriam
526 447 696 508 revocatus
720 445 781 506 est.
825 441 887 518 Qui
911 443 996 527 quod
1024 443 1169 527 hospitio
1197 442 1360 509 Lacedae-

184 531 367 595 moniorum
386 531 549 614 utebatur,
568 533 672 595 satius
692 531 882 596 existimans
901 532 1083 597 coniunctis
1101 532 1224 596 viribus
1237 531 1360 598 Persas

184 618 270 684 bello
303 619 452 703 persequi
484 641 582 704 quam
614 620 700 684 inter
728 641 763 683 se
791 617 934 684 Graecos
964 619 1171 704 contendere,
1199 619 1361 686 Lacedae·

75 759 76 762 ,
183 728 314 772 monem
337 707 501 790 profectus
528 708 601 792 paci
623 708 709 772 inter
733 707 813 773 duas
842 708 1086 793 potentissimas
1109 710 1258 774 civitates
1283 731 1359 774 con·

184 795 341 861 eiliandae
365 794 499 878 studuit,
522 817 623 880 eaque
648 799 723 880 post
745 817 812 861 non
833 796 883 861 ita
904 797 1009 862 multo
1033 797 1191 862 convenit.
1218 800 1260 878 [a.
1275 798 1357 880 451]

147 898 165 947 4
183 883 307 949 Deinde
322 883 465 969 Cyprum
480 906 553 949 cum
572 885 718 949 ducentis
733 884 870 950 navibus
888 886 1063 967 imperator
1076 886 1204 970 missus,
1224 888 1265 966 [a.
1275 887 1357 968 449]

184 995 258 1038 cum
282 974 440 1038 maiorem
462 977 590 1056 partem
608 974 732 1038 insulae
752 973 932 1057 devicisset,
954 974 990 1038 in
1008 975 1158 1039 morbum
1176 974 1357 1059 implicitus

183 1062 218 1126 in
241 1061 359 1146 oppido
383 1059 468 1127 citio
493 1062 711 1147 oppugnando
735 1065 786 1127 est
809 1066 965 1127 mortuus.

149 1165 164 1213 1
272 1149 329 1215 IV.
366 1148 585 1216 Athenienses
607 1150 702 1216 illum
724 1172 790 1215 non
813 1151 919 1215 solum
943 1151 978 1214 in
1001 1151 1096 1235 bello,
1120 1150 1175 1215 sed
1199 1152 1297 1215 etiam
1322 1152 1357 1216 in

182 1260 262 1323 pace
294 1237 349 1303 diu
382 1238 652 1306 desideraverunt.
698 1238 775 1303 Fuit
808 1239 893 1303 enim
926 1242 1019 1303 tanta
1046 1239 1255 1323 liberalitate,
1283 1261 1357 1304 cum

183 1327 403 1410 compluribus
426 1327 507 1391 locis
530 1327 663 1411 praedia
685 1327 863 1411 hortosque
885 1326 1034 1410 haberet,
1056 1331 1094 1391 ut
1119 1349 1298 1412 numquam
1322 1329 1358 1392 in

181 1414 223 1480 iis
247 1415 412 1479 custodem
434 1420 584 1499 poneret,
610 1437 651 1480 ne
674 1416 792 1498 quibus
816 1417 951 1501 quisque
974 1416 1072 1480 vellet
1100 1416 1197 1481 rebus
1220 1417 1357 1501 impedi·

147 1520 164 1568 a
183 1508 273 1567 retur
296 1503 468 1587 quominus
491 1503 658 1568 frueretur.
689 1502 823 1587 Semper
842 1526 915 1569 eum
932 1503 1101 1588 pedisequi
1119 1526 1192 1570 cum
1214 1505 1357 1570 nummis

183 1596 259 1656 sunt
278 1592 388 1676 secuti,
407 1596 454 1675 ut,
473 1592 501 1656 si
520 1593 591 1676 quis
611 1592 683 1675 opis
702 1593 771 1657 eius
790 1592 958 1677 indigeret,
976 1591 1121 1675 haberet,
1139 1592 1224 1677 quod
1242 1594 1357 1659 statim

184 1680 288 1758 daret,
315 1702 355 1745 ne
388 1680 563 1745 differendo
596 1681 759 1746 videretur
791 1702 920 1766 negare.
966 1678 1081 1765 Saepe,
1109 1702 1182 1746 oum
1214 1681 1357 1767 aliquem

183 1768 340 1833 offensum
369 1765 534 1855 fortuna9)
563 1769 687 1834 videret
713 1770 820 1834 minus
850 1770 933 1836 bene
957 1769 1125 1853 vestitum,
1154 1792 1248 1834 suum
1277 1771 1356 1834 ami-

147 1877 163 1925 3
183 1857 291 1922 culum
319 1856 416 1922 dedit
462 1855 588 1922 Cotidie
616 1858 662 1922 sic
686 1879 766 1922 cena
793 1858 823 1921 ei
846 1857 1057 1941 coquebatur,
1080 1862 1131 1942 ut,
1154 1879 1235 1941 quos
1263 1859 1356 1924 invo-

183 1949 273 2011 catos
300 1945 435 2010 vidisset
461 1946 496 2009 in
523 1945 609 2030 foro,
639 1967 751 2011 omnes
780 1943 1008 2032 devocaretffl).
1053 1944 1147 2011 Nulli
1173 1946 1254 2012 fides
1278 1946 1357 2030 eius,

182 2034 265 2098 nulli
293 2056 405 2118 opera,
435 2034 517 2098 nulli
543 2056 594 2099 res
627 2034 798 2100 familiaris
830 2034 947 2099 defuit:
980 2034 1100 2101 multos
1130 2035 1357 2118 locupletavit:

182 2123 365 2207 complures
388 2144 557 2207 pauperes,
581 2123 635 2208 qui
653 2123 737 2188 unde
757 2123 945 2187 efferrentur
967 2144 1034 2187 non
1056 2123 1274 2208 reliquissent,
1297 2146 1355 2189 suo

146 2215 314 2296 tsumptu
342 2212 469 2277 extulit.
515 2208 568 2276 Sic
592 2232 627 2275 se
655 2210 797 2297 gerendo
825 2212 959 2276 minime
984 2215 1034 2276 est
1060 2212 1243 2277 mirandum
1272 2213 1356 2276 siet

182 2300 284 2364 vitam
307 2299 423 2365 hebuit
446 2321 591 2365 securam
616 2303 649 2364 et
671 2304 811 2365 mortem
835 2300 994 2364 acerbam.

659 2496 874 2506 ——q-—u—

583 2638 643 2712 VI.
680 2638 949 2712 LYSANDER.

146 2794 160 2843 1
269 2775 294 2841 1.
331 2775 498 2861 Lysander
522 2776 795 2843 Lacedaemonius
819 2797 971 2861 magnam
994 2776 1126 2861 reliquit
1148 2777 1199 2841 sui
1222 2776 1355 2857 famam,

179 2887 247 2931 non
270 2866 377 2929 minus
405 2865 562 2930 felicitate
585 2887 683 2950 quam
706 2865 827 2931 virtute
855 2867 998 2947 partam:
1028 2864 1244 2930 Athenienses
1268 2868 1353 2932 enim

181 2976 255 3020 cum
272 2952 519 3038 Peloponnesiis
539 2955 712 3038 septimum
732 2958 765 3019 et
783 2953 972 3019 vicesimum
990 2953 1056 3018 iam
1076 2976 1196 3019 annum
1221 2956 1262 3036 [a.
1272 2954 1352 3036 405]

179 3044 300 3108 bellum
333 3047 483 3128 gerentes
511 3043 688 3109 confecisse
721 3039 905 3128 apparet¹),
938 3063 1042 3127 neque
1071 3064 1134 3128 qua
1161 3041 1194 3106 id
1227 3043 1354 3109 ratione

144 3136 371 3198 aconsecutus
405 3133 462 3216 sit,
494 3132 582 3198 latet.
627 3131 703 3198 Non
736 3132 824 3196 enim
856 3134 925 3196 tam
957 3130 1059 3215 ipsius
1091 3131 1225 3196 consilio
1255 3153 1353 3215 quam

179 3221 383 3286 immodestia
405 3221 529 3285 factum
552 3224 602 3286 est
626 3221 893 3303 adversariorum,
917 3219 1004 3303 quod
1026 3241 1093 3284 non
1113 3220 1198 3284 dicto
1222 3221 1353 3285 audisn-

178 3313 246 3374 tem
274 3311 487 3394 imperatores
518 3310 692 3374 exercitum
720 3309 900 3392 habebant,
927 3311 966 3371 ut
996 3307 1128 3373 relictae
1158 3308 1290 3374 illorum
1319 3310 1353 3373 in

176 3501 269 3556 lassen
301 3500 415 3555 worden
439 3500 524 3569 (464).
560 3499 737 3570 Hauptsaeh·
791 3496 1021 3568 zurfiekgerufen,
1040 3516 1089 3552 um
1107 3499 1160 3554 den
1178 3497 1300 3554 Frieden
1319 3518 1352 3553 zu

176 3570 236 3626 lieh
267 3571 311 3626 als
338 3570 574 3624 Lakonenheund
604 3568 663 3623 und
694 3567 736 3624 als
791 3567 960 3625 vermitteln.

177 3641 289 3712 Gegner
312 3642 361 3696 der
383 3639 567 3696 Demokratie
589 3640 619 3695 in
642 3639 737 3695 Athen
827 3640 849 3711 9)
877 3638 911 3696 D.
930 3639 958 3693 h.
976 3656 1043 3695 vom
1069 3639 1200 3711 Ungltlck
1227 3640 1351 3711 heimge-

176 3712 273 3768 wurde
288 3713 391 3767 darauf
402 3711 659 3768 Oimonverbannt
683 3709 736 3765 Die
791 3711 888 3780 sucht,
912 3710 971 3765 also
995 3709 1076 3765 nieht
1097 3710 1352 3780 gleichbedeutend

176 3783 302 3839 Athenar
332 3785 425 3854 gaben
455 3801 513 3838 nun
541 3782 586 3837 die
613 3781 736 3836 Bundes-
789 3781 843 3836 mit
861 3782 934 3836 forte
953 3781 1088 3836 oblatum.

177 3854 409 3922 genossenschaft
426 3855 480 3909 mit
497 3853 550 3908 den
567 3853 668 3909 Laced.
687 3852 739 3907 auf
829 3852 861 3921 10)
894 3851 963 3906 Was
996 3852 1056 3907 hier
1083 3850 1153 3907 uber
1183 3851 1229 3906 die
1260 3851 1351 3908 freien

176 3923 234 3978 und
265 3923 431 3993 bekriegten
463 3925 549 3981 deren
575 3925 733 3992 Bundesge-
789 3921 959 3978 Mahlzeiten
977 3923 1036 3977 und
1048 3923 1121 3977 oben
1134 3922 1204 3977 iiber
1218 3922 1263 3976 die
1280 3921 1351 3977 freie

175 4008 287 4049 nossen.
324 3995 393 4048 Zum
417 3995 527 4051 offenen
551 3996 655 4066 Kriege
682 3995 735 4048 mit
789 3994 953 4064 Benutzung
976 4010 1031 4049 von
1051 3993 1164 4048 Cimone
1178 3991 1285 4050 Gtrten
1303 4009 1350 4063 ge·
1466 4030 1470 4036 -

176 4064 354 4120 Lacedamon
367 4063 434 4120 kam
449 4083 487 4134 ss,
502 4066 544 4120 als
554 4066 600 4122 die
610 4066 735 4122 Athener
789 4067 854 4133 sagt
870 4065 921 4133 ist,
940 4064 1128 4120 beschrtnkte
1150 4062 1212 4119 sich
1230 4080 1284 4118 nur
1302 4062 1353 4118 auf

177 4137 232 4190 den
257 4151 313 4191 von
338 4134 429 4190 einem
455 4136 530 4207 Zuge
555 4138 629 4192 nach
652 4136 734 4192 Doris
790 4136 889 4191 dessen
907 4140 1014 4190 trmere
1029 4134 1236 4205 Gangenossen.
1263 4123 1350 4190 llber-

176 4205 443 4261 zurtokkehrenden
496 4207 735 4263 Lacedamoniern
788 4207 879 4276 haupt
897 4206 1029 4262 seheinen
1043 4206 1089 4260 die
1104 4206 1241 4275 Angaben
1258 4205 1350 4260 dieses

177 4275 232 4330 den
250 4277 325 4346 Weg
343 4277 420 4330 verle
439 4279 495 4331 ten.
533 4277 667 4334 Schlacht
687 4275 735 4331 bei
789 4275 918 4346 Kapitels
937 4279 1023 4331 etwas
1041 4275 1231 4330 tibertrieben.

176 4345 308 4415 Tanagra
326 4350 387 4401 458.
420 4295 498 4401 ieet
519 4348 614 4403 uurds
637 4347 735 4402 Cimon
828 4348 848 4415 ¹)
867 4345 1048 4402 Personliche
1066 4344 1277 4401 Konstruktion.
