2959 4759
582 259 656 316 XVI.
683 258 894 318 PELOPIDAS.
918 265 942 317 1.
961 265 985 316 2.

579 531 673 604 XVI.
714 530 988 606 PELOPIDAS.

159 701 174 748 1
284 685 310 751 Ι.
350 686 523 772 Pelopidas
566 687 739 754 Thebanus
781 688 888 774 magis
927 687 1092 753 historicis
1134 708 1231 770 quam
1273 689 1376 772 uulgo

194 772 334 859 notus¹).
367 774 466 841 (iuius
484 776 523 841 de
542 777 718 842 virtutibus
738 777 852 842 dubito
873 799 967 862 quem
987 775 1176 841 admodum
1199 797 1376 859 exponam,

195 863 282 948 quod
313 886 441 942 vereor,
478 863 507 929 si
540 866 721 931 accuratius
753 887 806 931 res
838 867 998 951 explicare
1030 863 1198 948 incipiam,
1231 886 1274 929 ne
1307 886 1377 930 non

195 953 297 1017 vitam
321 953 390 1018 eius
414 975 574 1037 enarrare,
597 954 653 1020 sed
672 954 845 1019 historiam
867 954 978 1019 ridear
1002 952 1155 1019 scribere:
1179 953 1208 1017 si
1230 957 1377 1018 tantum-

194 1041 291 1106 modo
320 1063 428 1106 rerum
457 1064 618 1108 summam
646 1045 799 1128 attigero,
833 1064 874 1107 ne
902 1042 1035 1108 rudibus
1063 1040 1246 1105 litterarum
1276 1041 1378 1107 Grae·

196 1151 307 1195 carum
331 1131 438 1196 minus
462 1132 602 1197 dilucide
625 1134 791 1216 appareat,
814 1136 954 1216 quantus
977 1129 1076 1195 fuerit
1097 1129 1154 1194 ille
1172 1126 1266 1214 vir2).
1312 1130 1379 1195 Ita·

197 1240 259 1303 que
283 1217 413 1304 utrique
436 1220 493 1304 rei,
516 1224 675 1304 quantum
697 1225 845 1306 potuero,
868 1240 1046 1303 occurram,
1069 1222 1102 1283 et
1124 1217 1279 1282 medebor
1302 1239 1378 1283 oum

194 1307 341 1373 satietati
364 1313 435 1372 tum
458 1309 663 1393 ignorantiae
685 1309 854 1374 lectorum.

160 1411 175 1458 2
285 1395 467 1461 Phoebidas
490 1395 779 1480 Lacedaemonius,
810 1419 883 1462 cum
911 1397 1086 1461 exercitum
1110 1393 1207 1478 Olyn-
1230 1398 1274 1474 [a.
1292 1395 1377 1477 382]

195 1480 323 1570 thum⁸)
347 1484 478 1550 duceret
495 1486 620 1569 iterque
639 1507 697 1569 per
715 1485 844 1550 Thebas
868 1485 999 1566 faceret,
1022 1504 1128 1547 arcem
1148 1482 1268 1567 oppidi,
1289 1504 1376 1567 quae

196 1569 339 1637 Cadmea
354 1573 551 1657 nominatur,
565 1574 734 1657 occuparit
747 1574 893 1659 impulsu
906 1568 1117 1657 paucorum⁴)
1131 1570 1375 1655 Thebanorum,

195 1661 250 1745 qui
269 1661 474 1726 adversariae
492 1662 627 1726 factioni
646 1684 709 1745 quo
727 1662 857 1727 facilius
875 1662 1072 1738 resisterent,
1090 1658 1255 1724 Laconum
1275 1661 1375 1725 rebus

158 1765 174 1813 3
195 1748 379 1832 studebant,
401 1749 496 1834 idque
520 1772 579 1815 suo
602 1750 741 1834 privato,
763 1772 830 1815 non
853 1751 983 1834 publico
1005 1748 1085 1814 fecit
1108 1748 1253 1813 consilio.
1300 1747 1375 1825 Quo

192 1836 281 1903 facto
310 1860 385 1903 eum
411 1837 661 1904 Lacedaemonii
688 1839 728 1903 ab
760 1842 902 1904 exercitu
933 1840 1140 1903 removerunt
1171 1836 1375 1921 pecuniaque

193 1926 390 1992 multarunt:
412 1949 517 2011 neque
540 1948 578 1993 eo
600 1927 706 2013 magis
730 1949 836 1992 arcem
855 1926 1021 1991 Thebanis
1044 1924 1261 2008 reddiderunt,
1286 1926 1375 2009 quod

194 2012 390 2101 susceptis⁶)
412 2015 592 2081 inimicitiis
617 2017 720 2081 satius
739 2016 902 2080 ducebant
925 2037 979 2080 eos
1003 2013 1154 2079 obsideri.
1190 2011 1277 2077 Nam
1296 2019 1377 2098 post

193 2102 468 2188 Peloponnesium
495 2104 619 2169 bellum
647 2103 862 2188 compositum
886 2104 1097 2188 Athenasque
1125 2101 1267 2166 devictas
1299 2123 1375 2166 cum

192 2191 358 2257 Thebanis
387 2193 451 2257 sibi
483 2214 552 2258 rem
584 2214 656 2258 esse
684 2193 915 2258 existimabant
941 2196 974 2256 et
1005 2213 1060 2257 eos
1088 2211 1158 2256 esse
1186 2189 1289 2275 solos,
1318 2191 1376 2274 qui

160 2281 349 2347 eadversus
374 2302 408 2345 se
429 2283 516 2346 stare
536 2277 732 2366 auderentll.
768 2280 840 2347 Hac
859 2286 967 2346 mente
991 2279 1104 2346 amicis
1127 2279 1174 2343 ibi
1199 2278 1265 2342 suis
1286 2300 1375 2343 sum·

193 2391 265 2435 mas
288 2373 469 2454 potestates
492 2370 649 2434 dederant
670 2370 865 2454 alteriusque
888 2369 1040 2434 factionis
1063 2367 1227 2453 principes
1250 2367 1376 2450 partim

194 2458 435 2541 interfecerant,
459 2458 540 2523 alios
563 2459 598 2522 in
622 2458 771 2522 exsilium
794 2458 970 2523 eiecerant:
1000 2458 1035 2521 in
1059 2457 1175 2542 quibus
1198 2455 1375 2540 Pelopidas

193 2547 255 2630 hio,
279 2547 318 2610 de
341 2569 405 2632 quo
430 2547 570 2611 scribere
594 2546 700 2611 exorsi
723 2568 844 2631 sumus,
867 2548 981 2631 pulsus
1004 2546 1113 2629 patria
1136 2546 1276 2610 carebat.

158 2651 173 2698 1
282 2634 326 2698 ΙΙ.
362 2633 409 2699 Hi
437 2656 548 2700 omnes
575 2636 643 2699 fere
666 2634 814 2700 Athenas
839 2657 873 2700 se
897 2636 1113 2718 contulerant,
1143 2654 1210 2697 non
1233 2654 1299 2717 quo
1324 2655 1374 2697 se·

194 2726 367 2806 querentur
394 2724 511 2807 otium,
538 2722 594 2787 sed
621 2728 670 2806 ut,
698 2745 796 2807 quem
819 2745 858 2788 ex
879 2723 1029 2808 proximo
1037 2719 1063 2808 ⁷)
1091 2724 1198 2787 locum
1220 2720 1290 2785 fors
1314 2722 1374 2786 ob·

157 2828 174 2875 a
194 2811 334 2893 tulisset,
353 2832 390 2875 eo
410 2813 552 2894 patriam
570 2832 760 2895 recuperare
778 2813 968 2878 niterentur.
1004 2811 1119 2894 Itaque
1137 2831 1211 2873 oum
1238 2810 1279 2889 [a.
1290 2809 1375 2890 379}

193 2902 321 2983 tempus
352 2902 438 2964 esset
465 2900 570 2963 visum
600 2900 647 2963 rei
674 2900 848 2985 gerendae,
882 2900 1097 2966 communiter
1123 2919 1196 2962 cum
1228 2897 1283 2980 iis,
1316 2899 1375 2981 qui

193 2986 315 3052 Thebis
343 2987 428 3052 idem
458 2987 656 3070 sentiebant,
684 2988 770 3052 diem
798 2989 988 3073 delegerunt
1016 2988 1056 3052 ad
1084 2987 1232 3051 inimicos
1263 2989 1375 3071 oppri-

193 3076 329 3141 mendos
358 3076 585 3161 civitatemque
612 3076 813 3142 liberandam
837 3099 926 3161 eum,
955 3099 1019 3162 quo
1043 3075 1176 3141 maximi
1199 3074 1375 3158 magistra·

232 3284 252 3357 ¹)
280 3286 336 3340 Der
366 3284 453 3340 indic.
482 3300 572 3355 praes.
604 3302 659 3340 von
692 3301 753 3340 esse
807 3281 1376 3353 NachrichtenMellondabeidieHaupt

190 3357 267 3411 kann
279 3353 455 3426 wegbleiben
468 3355 516 3411 bai
526 3355 681 3411 Sentenzen
695 3358 753 3411 und
807 3355 878 3410 tolle
897 3356 1007 3426 spielte.

191 3425 503 3481 zusammenfassenden
533 3426 668 3481 Urteilen.
715 3426 753 3482 So
844 3443 866 3514 a)
885 3444 938 3499 Die
952 3443 1375 3522 Laeeduhastendjfflenffieg

191 3498 264 3600 stufh
282 3498 333 3551 (101
350 3497 434 3579 indiq-
453 3495 528 3580 Pflffg
543 3495 643 3554 ΟΜ·
659 3496 707 3580 {Hs
726 3503 752 3551 4·
807 3515 849 3568 als
874 3514 987 3583 Burgen
1015 3517 1073 3571 und
1100 3514 1297 3575 Vollatrecker
1323 3521 1375 3577 dos

240 3569 323 3639 )Um
341 3568 466 3623 nlmllssh
490 3583 566 3623 wne
585 3567 751 3623 Vefdleflflffl
808 3585 1030 3642 autalcidischen
1048 3586 1183 3642 Friedens
1209 3595 1387 3648 antemon-⁸

190 3637 298 3708 riehtis
315 3656 350 3694 zu
367 3638 522 3708 wfirdiaea
539 3637 642 3693 mursa
655 3637 752 3708 Nepos
806 3672 881 3725 men,
896 3657 961 3711 aem
971 3657 1109 3727 olyneuus
1124 3656 1375 3732 siohnohtrcgen

190 3708 246 3764 den
256 3697 395 3766 iibermut
426 3709 476 3764 der
508 3709 661 3779 Spartauer
694 3710 752 3763 und
805 3726 909 3783 mute,

190 3779 245 3834 den
270 3779 365 3862 Dfuck
392 3779 468 3836 ihrefl
493 3779 516 3834 P
518 3778 653 3849 ΥῙΠθῘΙΜΕ
678 3780 753 3833 mh
842 3796 865 3868 ⁴)
883 3796 940 3854 Der
958 3796 1183 3868 oligarchischen
1201 3802 1307 3860 Partei.
1415 3851 1418 3858 .

190 3851 244 3904 den
254 3851 534 3907 Trredensschltissen
548 3867 605 3905 von
619 3850 673 3904 den
684 3849 751 3904 Jah·
843 3887 865 3953 ο)
884 3885 1090 3957 Hypothefisch
1108 3889 1281 3948 aufzufflflen·

189 3936 240 3975 ren
262 3927 316 3976 404
338 3922 397 3977 und
419 3929 470 3978 88⁸1
499 3921 662 3989 eruthnen,
690 3921 751 3975 also

190 3991 220 4045 in
234 3990 279 4045 die
293 3992 467 4061 griechische
482 3991 651 4048 Geschiohte
670 3991 752 4046 uber·
842 3973 866 4043 6)
884 3974 942 4030 ⁰01
954 3975 1042 4031 uther
1055 3976 1186 4046 liessfflldss
1202 3979 1299 4035 Gfflnd
1314 4000 1376 4037 war

189 4061 280 4130 haupt
297 4062 494 4119 abachweifen,
526 4062 620 4118 solbat
638 4060 685 4116 die
699 4061 752 4116 Be.
806 4045 882 4099 wohl
906 4045 1036 4102 Thebans
1063 4047 1296 4107 herrortretende
1319 4052 1372 4107 Be·

191 4130 282 4186 ssan
319 4133 448 4188 nicaena
466 4135 506 4189 an
524 4134 609 4188 ruere
626 4137 686 4197 aaa,
706 4132 752 4187 aa
806 4113 950 4242 teiliaunq
962 4133 999 4171 an
1013 4117 1077 4171 dem
1090 4118 1374 4205 bbotiectenssrieae

191 4202 247 4256 een
300 4202 461 4271 auptinhalt
488 4206 537 4258 uer
564 4204 625 4258 vau
653 4202 752 4270 auree,
807 4189 859 4239 ³9⁵
891 4204 929 4242 1111
981 4204 1017 4242 an
1054 4187 1118 4242 dem
1155 4189 1373 4250 kormtnsohen

191 4273 230 4327 ist
245 4271 307 4327 eine
322 4273 376 4327 Art
386 4270 614 4343 Abschweifung‚
628 4272 753 4327 insolam
808 4259 958 4314 ³94·⁸⁸⁷·

191 4341 272 4397 nicht
289 4342 340 4397 der
354 4341 462 4397 damals
480 4346 554 4397 noch
569 4344 657 4413 junge
670 4342 753 4398 Pelo·
846 4344 1101 4414 ⁷)„Demntohst“.
1138 4347 1232 4407 Locus
1255 4350 1295 4408 ist
1312 4352 1376 4408 hier

191 4413 284 4484 pidre,
315 4412 435 4469 sondern
461 4413 534 4469 nach
556 4413 612 4468 den
634 4413 753 4469 alteeteu
808 4411 1001 4485 Gelegeuheit.
1464 4425 1466 4433 ⁴
