<?xml version="1.0" encoding="UTF-8"?>
<!DOCTYPE html PUBLIC "-//W3C//DTD XHTML 1.0 Transitional//EN"
    "http://www.w3.org/TR/xhtml1/DTD/xhtml1-transitional.dtd">
<html xmlns="http://www.w3.org/1999/xhtml" xml:lang="en" lang="en">
 <head>
  <title>
</title>
<meta http-equiv="Content-Type" content="text/html;charset=utf-8" />
  <meta name='ocr-system' content='tesseract 3.04.00' />
  <meta name='ocr-capabilities' content='ocr_page ocr_carea ocr_par ocr_line ocrx_word'/>
</head>
<body>
  <div class='ocr_page' id='page_1' title='image "./corneliinepotis01ortmgoog_0063.png"; bbox 0 0 2959 4759; ppageno 0'>
   <div class='ocr_carea' id='block_1_1' title="bbox 528 200 1318 267">
    <p class='ocr_par' dir='ltr' id='par_1_1' title="bbox 528 200 1318 267">
     <span class='ocr_line' id='line_1_1' title="bbox 528 200 1318 267; baseline 0.013 -12"><span class='ocrx_word' id='word_1_1' title='bbox 528 200 588 258; x_wconf 84' lang='lat' dir='ltr'><strong>XV.</strong></span> <span class='ocrx_word' id='word_1_2' title='bbox 619 201 894 258; x_wconf 80' lang='lat' dir='ltr'><strong>EPAbssNONDAS.</strong></span> <span class='ocrx_word' id='word_1_3' title='bbox 917 209 942 258; x_wconf 82' lang='lat'><strong>3.</strong></span> <span class='ocrx_word' id='word_1_4' title='bbox 1277 203 1318 267; x_wconf 81' lang='grc'><strong>51</strong></span> 
     </span>
    </p>
   </div>
   <div class='ocr_carea' id='block_1_2' title="bbox 137 363 1323 806">
    <p class='ocr_par' dir='ltr' id='par_1_2' title="bbox 137 363 1323 806">
     <span class='ocr_line' id='line_1_2' title="bbox 137 363 1323 452; baseline -0.003 -20"><span class='ocrx_word' id='word_1_5' title='bbox 137 388 270 452; x_wconf 87' lang='lat' dir='ltr'><strong>pauper</strong></span> <span class='ocrx_word' id='word_1_6' title='bbox 296 369 408 430; x_wconf 88' lang='lat' dir='ltr'><strong>tamen</strong></span> <span class='ocrx_word' id='word_1_7' title='bbox 437 387 458 429; x_wconf 92' lang='lat' dir='ltr'><strong>a</strong></span> <span class='ocrx_word' id='word_1_8' title='bbox 485 365 663 430; x_wconf 90' lang='lat' dir='ltr'><strong>maioribus</strong></span> <span class='ocrx_word' id='word_1_9' title='bbox 693 365 839 447; x_wconf 84' lang='lat' dir='ltr'><strong>relictus,</strong></span> <span class='ocrx_word' id='word_1_10' title='bbox 871 363 1017 430; x_wconf 88' lang='lat' dir='ltr'><strong>eruditus</strong></span> <span class='ocrx_word' id='word_1_11' title='bbox 1050 368 1159 430; x_wconf 90' lang='lat' dir='ltr'><strong>autem</strong></span> <span class='ocrx_word' id='word_1_12' title='bbox 1192 365 1252 446; x_wconf 90' lang='lat' dir='ltr'><strong>sic,</strong></span> <span class='ocrx_word' id='word_1_13' title='bbox 1284 370 1323 430; x_wconf 91' lang='lat' dir='ltr'><strong>ut</strong></span> 
     </span>
     <span class='ocr_line' id='line_1_3' title="bbox 137 452 1319 521; baseline -0.003 0"><span class='ocrx_word' id='word_1_14' title='bbox 137 476 239 521; x_wconf 91' lang='lat' dir='ltr'><strong>nemo</strong></span> <span class='ocrx_word' id='word_1_15' title='bbox 258 453 443 519; x_wconf 79' lang='lat' dir='ltr'><strong>Thebanus.</strong></span> <span class='ocrx_word' id='word_1_16' title='bbox 481 452 569 519; x_wconf 87' lang='lat' dir='ltr'><strong>Nam</strong></span> <span class='ocrx_word' id='word_1_17' title='bbox 591 458 624 518; x_wconf 90' lang='lat' dir='ltr'><strong>et</strong></span> <span class='ocrx_word' id='word_1_18' title='bbox 642 454 833 518; x_wconf 79' lang='lat' dir='ltr'><strong>citharizare</strong></span> <span class='ocrx_word' id='word_1_19' title='bbox 856 458 890 519; x_wconf 91' lang='lat' dir='ltr'><strong>et</strong></span> <span class='ocrx_word' id='word_1_20' title='bbox 913 457 1044 519; x_wconf 84' lang='lat' dir='ltr'><strong>cantare</strong></span> <span class='ocrx_word' id='word_1_21' title='bbox 1067 454 1109 518; x_wconf 93' lang='lat' dir='ltr'><strong>ad</strong></span> <span class='ocrx_word' id='word_1_22' title='bbox 1127 454 1319 519; x_wconf 91' lang='lat' dir='ltr'><strong>chordarum</strong></span> 
     </span>
     <span class='ocr_line' id='line_1_4' title="bbox 139 539 1320 629; baseline -0.003 -18"><span class='ocrx_word' id='word_1_23' title='bbox 139 565 262 611; x_wconf 88' lang='lat' dir='ltr'><strong>sonum</strong></span> <span class='ocrx_word' id='word_1_24' title='bbox 285 544 401 609; x_wconf 91' lang='lat' dir='ltr'><strong>doctus</strong></span> <span class='ocrx_word' id='word_1_25' title='bbox 424 547 476 608; x_wconf 91' lang='lat' dir='ltr'><strong>est</strong></span> <span class='ocrx_word' id='word_1_26' title='bbox 499 564 519 606; x_wconf 98' lang='lat' dir='ltr'><strong>a</strong></span> <span class='ocrx_word' id='word_1_27' title='bbox 540 539 744 629; x_wconf 82' lang='lat' dir='ltr'><strong>Dionysio⁸)‚</strong></span> <span class='ocrx_word' id='word_1_28' title='bbox 767 542 822 627; x_wconf 90' lang='lat' dir='ltr'><strong>qui</strong></span> <span class='ocrx_word' id='word_1_29' title='bbox 844 564 911 607; x_wconf 90' lang='lat' dir='ltr'><strong>non</strong></span> <span class='ocrx_word' id='word_1_30' title='bbox 934 543 1059 607; x_wconf 89' lang='lat' dir='ltr'><strong>minore</strong></span> <span class='ocrx_word' id='word_1_31' title='bbox 1080 542 1145 607; x_wconf 85' lang='lat' dir='ltr'><strong>fuit</strong></span> <span class='ocrx_word' id='word_1_32' title='bbox 1167 544 1201 607; x_wconf 94' lang='lat' dir='ltr'><strong>in</strong></span> <span class='ocrx_word' id='word_1_33' title='bbox 1223 544 1320 607; x_wconf 88' lang='lat' dir='ltr'><strong>musi-</strong></span> 
     </span>
     <span class='ocr_line' id='line_1_5' title="bbox 138 627 1320 756; baseline -0.003 -58"><span class='ocrx_word' id='word_1_34' title='bbox 138 635 188 699; x_wconf 88' lang='lat' dir='ltr'><strong>cis</strong></span> <span class='ocrx_word' id='word_1_35' title='bbox 212 633 320 717; x_wconf 86' lang='lat' dir='ltr'><strong>gloria</strong></span> <span class='ocrx_word' id='word_1_36' title='bbox 343 652 441 716; x_wconf 89' lang='lat' dir='ltr'><strong>quam</strong></span> <span class='ocrx_word' id='word_1_37' title='bbox 463 630 628 716; x_wconf 83' lang='lat' dir='ltr'><strong>Damon⁴)</strong></span> <span class='ocrx_word' id='word_1_38' title='bbox 657 635 716 697; x_wconf 91' lang='lat' dir='ltr'><strong>aut</strong></span> <span class='ocrx_word' id='word_1_39' title='bbox 735 627 945 716; x_wconf 74' lang='lat' dir='ltr'><strong>Lampms5),</strong></span> <span class='ocrx_word' id='word_1_40' title='bbox 969 652 1105 756; x_wconf 89' lang='lat' dir='ltr'><strong>quorum</strong></span> <span class='ocrx_word' id='word_1_41' title='bbox 1128 632 1320 715; x_wconf 86' lang='lat' dir='ltr'><strong>pervulgata</strong></span> 
     </span>
     <span class='ocr_line' id='line_1_6' title="bbox 139 716 1319 806; baseline -0.004 -18"><span class='ocrx_word' id='word_1_42' title='bbox 139 725 222 789; x_wconf 90' lang='lat' dir='ltr'><strong>sunt</strong></span> <span class='ocrx_word' id='word_1_43' title='bbox 244 720 391 803; x_wconf 89' lang='lat' dir='ltr'><strong>nomina,</strong></span> <span class='ocrx_word' id='word_1_44' title='bbox 414 724 545 785; x_wconf 90' lang='lat' dir='ltr'><strong>cantare</strong></span> <span class='ocrx_word' id='word_1_45' title='bbox 563 719 654 784; x_wconf 89' lang='lat' dir='ltr'><strong>tibiis</strong></span> <span class='ocrx_word' id='word_1_46' title='bbox 678 720 720 785; x_wconf 91' lang='lat' dir='ltr'><strong>ab</strong></span> <span class='ocrx_word' id='word_1_47' title='bbox 739 718 971 805; x_wconf 84' lang='lat' dir='ltr'><strong>Olympiodoro</strong></span> <span class='ocrx_word' id='word_1_48' title='bbox 991 720 1014 806; x_wconf 73' lang='lat' dir='ltr'><strong>l,</strong></span> <span class='ocrx_word' id='word_1_49' title='bbox 1036 720 1158 784; x_wconf 88' lang='lat' dir='ltr'><strong>saltare</strong></span> <span class='ocrx_word' id='word_1_50' title='bbox 1183 716 1319 784; x_wconf 78' lang='grc'><strong>000111-</strong></span> 
     </span>
    </p>
   </div>
   <div class='ocr_carea' id='block_1_3' title="bbox 136 807 1472 896">
    <p class='ocr_par' dir='ltr' id='par_1_3' title="bbox 136 807 1472 896">
     <span class='ocr_line' id='line_1_7' title="bbox 136 807 1472 896; baseline -0.001 -22"><span class='ocrx_word' id='word_1_51' title='bbox 136 811 277 896; x_wconf 90' lang='lat' dir='ltr'><strong>phrone.</strong></span> <span class='ocrx_word' id='word_1_52' title='bbox 323 808 370 872; x_wconf 88' lang='lat' dir='ltr'><strong>At</strong></span> <span class='ocrx_word' id='word_1_53' title='bbox 392 808 622 893; x_wconf 77' lang='lat' dir='ltr'><strong>philosophiae</strong></span> <span class='ocrx_word' id='word_1_54' title='bbox 650 813 893 894; x_wconf 72' lang='lat' dir='ltr'><strong>praeceptorem</strong></span> <span class='ocrx_word' id='word_1_55' title='bbox 922 808 1039 873; x_wconf 91' lang='lat' dir='ltr'><strong>habuit</strong></span> <span class='ocrx_word' id='word_1_56' title='bbox 1061 807 1176 892; x_wconf 82' lang='lat' dir='ltr'><strong>Lysim</strong></span> <span class='ocrx_word' id='word_1_57' title='bbox 1199 807 1356 873; x_wconf 74' lang='lat' dir='ltr'><strong>Taren-a</strong></span> <span class='ocrx_word' id='word_1_58' title='bbox 1467 875 1472 880; x_wconf 68' lang='grc'>,</span> 
     </span>
    </p>
   </div>
   <div class='ocr_carea' id='block_1_4' title="bbox 134 895 1356 2221">
    <p class='ocr_par' dir='ltr' id='par_1_4' title="bbox 135 895 1356 1867">
     <span class='ocr_line' id='line_1_8' title="bbox 137 895 1318 982; baseline -0.002 -18"><span class='ocrx_word' id='word_1_59' title='bbox 137 899 258 982; x_wconf 89' lang='lat' dir='ltr'><strong>tinum,</strong></span> <span class='ocrx_word' id='word_1_60' title='bbox 277 897 537 982; x_wconf 87' lang='lat' dir='ltr'><strong>Pythagoreum:</strong></span> <span class='ocrx_word' id='word_1_61' title='bbox 556 897 609 962; x_wconf 90' lang='lat' dir='ltr'><strong>cui</strong></span> <span class='ocrx_word' id='word_1_62' title='bbox 628 896 757 982; x_wconf 90' lang='lat' dir='ltr'><strong>quidem</strong></span> <span class='ocrx_word' id='word_1_63' title='bbox 776 897 823 961; x_wconf 86' lang='lat' dir='ltr'><strong>sic</strong></span> <span class='ocrx_word' id='word_1_64' title='bbox 840 896 904 962; x_wconf 84' lang='lat' dir='ltr'><strong>fuit</strong></span> <span class='ocrx_word' id='word_1_65' title='bbox 921 897 1058 980; x_wconf 88' lang='lat' dir='ltr'><strong>deditus,</strong></span> <span class='ocrx_word' id='word_1_66' title='bbox 1076 900 1114 962; x_wconf 96' lang='lat' dir='ltr'><strong>ut</strong></span> <span class='ocrx_word' id='word_1_67' title='bbox 1132 895 1318 962; x_wconf 80' lang='lat' dir='ltr'><strong>adulescens</strong></span> 
     </span>
     <span class='ocr_line' id='line_1_9' title="bbox 136 985 1319 1070; baseline -0.004 -17"><span class='ocrx_word' id='word_1_68' title='bbox 136 988 270 1053; x_wconf 84' lang='lat' dir='ltr'><strong>tristam</strong></span> <span class='ocrx_word' id='word_1_69' title='bbox 300 1005 338 1051; x_wconf 90' lang='lat' dir='ltr'><strong>ac</strong></span> <span class='ocrx_word' id='word_1_70' title='bbox 366 1007 514 1050; x_wconf 90' lang='lat' dir='ltr'><strong>severum</strong></span> <span class='ocrx_word' id='word_1_71' title='bbox 543 1006 654 1049; x_wconf 90' lang='lat' dir='ltr'><strong>senem</strong></span> <span class='ocrx_word' id='word_1_72' title='bbox 677 986 828 1050; x_wconf 88' lang='lat' dir='ltr'><strong>omnibus</strong></span> <span class='ocrx_word' id='word_1_73' title='bbox 856 986 924 1050; x_wconf 90' lang='lat' dir='ltr'><strong>suis</strong></span> <span class='ocrx_word' id='word_1_74' title='bbox 947 985 1138 1070; x_wconf 76' lang='lat' dir='ltr'><strong>aequalibus</strong></span> <span class='ocrx_word' id='word_1_75' title='bbox 1167 985 1201 1049; x_wconf 92' lang='lat' dir='ltr'><strong>in</strong></span> <span class='ocrx_word' id='word_1_76' title='bbox 1224 985 1319 1049; x_wconf 89' lang='lat' dir='ltr'><strong>fami·</strong></span> 
     </span>
     <span class='ocr_line' id='line_1_10' title="bbox 136 1070 1319 1160; baseline -0.003 -19"><span class='ocrx_word' id='word_1_77' title='bbox 136 1077 287 1141; x_wconf 87' lang='lat' dir='ltr'><strong>liaritate</strong></span> <span class='ocrx_word' id='word_1_78' title='bbox 316 1078 543 1158; x_wconf 82' lang='lat' dir='ltr'><strong>anteponeret3</strong></span> <span class='ocrx_word' id='word_1_79' title='bbox 573 1095 679 1158; x_wconf 90' lang='lat' dir='ltr'><strong>neque</strong></span> <span class='ocrx_word' id='word_1_80' title='bbox 707 1075 799 1158; x_wconf 88' lang='lat' dir='ltr'><strong>prius</strong></span> <span class='ocrx_word' id='word_1_81' title='bbox 823 1096 895 1139; x_wconf 87' lang='lat' dir='ltr'><strong>eum</strong></span> <span class='ocrx_word' id='word_1_82' title='bbox 921 1096 941 1138; x_wconf 92' lang='lat' dir='ltr'><strong>a</strong></span> <span class='ocrx_word' id='word_1_83' title='bbox 964 1095 998 1139; x_wconf 92' lang='lat' dir='ltr'><strong>se</strong></span> <span class='ocrx_word' id='word_1_84' title='bbox 1022 1070 1192 1160; x_wconf 83' lang='lat' dir='ltr'><strong>dimisit⁷)‚</strong></span> <span class='ocrx_word' id='word_1_85' title='bbox 1220 1094 1319 1158; x_wconf 88' lang='lat' dir='ltr'><strong>quam</strong></span> 
     </span>
     <span class='ocr_line' id='line_1_11' title="bbox 136 1162 1319 1246; baseline -0.003 -17"><span class='ocrx_word' id='word_1_86' title='bbox 136 1165 292 1229; x_wconf 88' lang='lat' dir='ltr'><strong>doctrina</strong></span> <span class='ocrx_word' id='word_1_87' title='bbox 324 1167 418 1228; x_wconf 89' lang='lat' dir='ltr'><strong>tanto</strong></span> <span class='ocrx_word' id='word_1_88' title='bbox 452 1162 658 1227; x_wconf 78' lang='lat' dir='ltr'><strong>antecederet</strong></span> <span class='ocrx_word' id='word_1_89' title='bbox 689 1162 940 1246; x_wconf 84' lang='lat' dir='ltr'><strong>condiscipulos,</strong></span> <span class='ocrx_word' id='word_1_90' title='bbox 976 1166 1013 1227; x_wconf 93' lang='lat' dir='ltr'><strong>ut</strong></span> <span class='ocrx_word' id='word_1_91' title='bbox 1043 1162 1141 1228; x_wconf 85' lang='lat' dir='ltr'><strong>facile</strong></span> <span class='ocrx_word' id='word_1_92' title='bbox 1172 1162 1319 1245; x_wconf 78' lang='lat' dir='ltr'><strong>intellegi</strong></span> 
     </span>
     <span class='ocr_line' id='line_1_12' title="bbox 136 1248 1355 1339; baseline -0.003 -21"><span class='ocrx_word' id='word_1_93' title='bbox 136 1257 256 1339; x_wconf 90' lang='lat' dir='ltr'><strong>posset</strong></span> <span class='ocrx_word' id='word_1_94' title='bbox 272 1253 346 1335; x_wconf 86' lang='lat' dir='ltr'><strong>pari</strong></span> <span class='ocrx_word' id='word_1_95' title='bbox 368 1251 466 1317; x_wconf 88' lang='lat' dir='ltr'><strong>modo</strong></span> <span class='ocrx_word' id='word_1_96' title='bbox 490 1272 602 1316; x_wconf 88' lang='lat' dir='ltr'><strong>omnes</strong></span> <span class='ocrx_word' id='word_1_97' title='bbox 622 1254 850 1335; x_wconf 86' lang='lat' dir='ltr'><strong>superaturum</strong></span> <span class='ocrx_word' id='word_1_98' title='bbox 872 1252 907 1315; x_wconf 89' lang='lat' dir='ltr'><strong>in</strong></span> <span class='ocrx_word' id='word_1_99' title='bbox 925 1251 1041 1316; x_wconf 90' lang='lat' dir='ltr'><strong>ceteris</strong></span> <span class='ocrx_word' id='word_1_100' title='bbox 1060 1251 1193 1315; x_wconf 82' lang='lat' dir='ltr'><strong>artibus</strong></span> <span class='ocrx_word' id='word_1_101' title='bbox 1225 1248 1318 1314; x_wconf 79' lang='lat' dir='ltr'><strong>Post</strong></span> <span class='ocrx_word' id='word_1_102' title='bbox 1336 1265 1355 1314; x_wconf 75' lang='lat' dir='ltr'><strong>a</strong></span> 
     </span>
     <span class='ocr_line' id='line_1_13' title="bbox 137 1339 1318 1426; baseline -0.003 -21"><span class='ocrx_word' id='word_1_103' title='bbox 137 1363 241 1426; x_wconf 91' lang='lat' dir='ltr'><strong>quam</strong></span> <span class='ocrx_word' id='word_1_104' title='bbox 273 1340 419 1424; x_wconf 83' lang='lat' dir='ltr'><strong>ephebus</strong></span> <span class='ocrx_word' id='word_1_105' title='bbox 447 1343 498 1405; x_wconf 87' lang='lat' dir='ltr'><strong>est</strong></span> <span class='ocrx_word' id='word_1_106' title='bbox 524 1339 631 1405; x_wconf 89' lang='lat' dir='ltr'><strong>faetus</strong></span> <span class='ocrx_word' id='word_1_107' title='bbox 659 1347 693 1403; x_wconf 91' lang='lat' dir='ltr'><strong>et</strong></span> <span class='ocrx_word' id='word_1_108' title='bbox 719 1341 902 1423; x_wconf 86' lang='lat' dir='ltr'><strong>palaestrae</strong></span> <span class='ocrx_word' id='word_1_109' title='bbox 934 1340 1011 1404; x_wconf 88' lang='lat' dir='ltr'><strong>dare</strong></span> <span class='ocrx_word' id='word_1_110' title='bbox 1039 1360 1173 1423; x_wconf 88' lang='lat' dir='ltr'><strong>operam</strong></span> <span class='ocrx_word' id='word_1_111' title='bbox 1200 1340 1318 1421; x_wconf 87' lang='lat' dir='ltr'><strong>coepit,</strong></span> 
     </span>
     <span class='ocr_line' id='line_1_14' title="bbox 136 1427 1320 1515; baseline -0.003 -21"><span class='ocrx_word' id='word_1_112' title='bbox 136 1452 206 1495; x_wconf 90' lang='lat' dir='ltr'><strong>non</strong></span> <span class='ocrx_word' id='word_1_113' title='bbox 230 1435 300 1495; x_wconf 89' lang='lat' dir='ltr'><strong>tam</strong></span> <span class='ocrx_word' id='word_1_114' title='bbox 319 1429 438 1494; x_wconf 84' lang='lat' dir='ltr'><strong>virium</strong></span> <span class='ocrx_word' id='word_1_115' title='bbox 462 1428 680 1515; x_wconf 81' lang='lat' dir='ltr'><strong>magnitudini</strong></span> <span class='ocrx_word' id='word_1_116' title='bbox 699 1429 834 1493; x_wconf 82' lang='lat' dir='ltr'><strong>servivit</strong></span> <span class='ocrx_word' id='word_1_117' title='bbox 852 1450 948 1513; x_wconf 87' lang='lat' dir='ltr'><strong>quam</strong></span> <span class='ocrx_word' id='word_1_118' title='bbox 972 1429 1118 1511; x_wconf 89' lang='lat' dir='ltr'><strong>corporis</strong></span> <span class='ocrx_word' id='word_1_119' title='bbox 1136 1427 1320 1493; x_wconf 83' lang='lat' dir='ltr'><strong>velocitati:</strong></span> 
     </span>
     <span class='ocr_line' id='line_1_15' title="bbox 135 1515 1320 1595; baseline -0.003 -12"><span class='ocrx_word' id='word_1_120' title='bbox 135 1519 233 1584; x_wconf 91' lang='lat' dir='ltr'><strong>illam</strong></span> <span class='ocrx_word' id='word_1_121' title='bbox 260 1519 346 1582; x_wconf 90' lang='lat' dir='ltr'><strong>enim</strong></span> <span class='ocrx_word' id='word_1_122' title='bbox 375 1517 416 1583; x_wconf 91' lang='lat' dir='ltr'><strong>ad</strong></span> <span class='ocrx_word' id='word_1_123' title='bbox 444 1517 643 1582; x_wconf 85' lang='lat' dir='ltr'><strong>athletarum</strong></span> <span class='ocrx_word' id='word_1_124' title='bbox 671 1537 780 1595; x_wconf 88' lang='lat' dir='ltr'><strong>usum,</strong></span> <span class='ocrx_word' id='word_1_125' title='bbox 811 1515 896 1581; x_wconf 90' lang='lat' dir='ltr'><strong>hane</strong></span> <span class='ocrx_word' id='word_1_126' title='bbox 928 1516 968 1581; x_wconf 90' lang='lat' dir='ltr'><strong>ad</strong></span> <span class='ocrx_word' id='word_1_127' title='bbox 1003 1517 1081 1581; x_wconf 92' lang='lat' dir='ltr'><strong>belli</strong></span> <span class='ocrx_word' id='word_1_128' title='bbox 1109 1515 1320 1581; x_wconf 83' lang='lat' dir='ltr'><strong>existimabat</strong></span> 
     </span>
     <span class='ocr_line' id='line_1_16' title="bbox 135 1601 1356 1692; baseline -0.004 -20"><span class='ocrx_word' id='word_1_129' title='bbox 135 1607 314 1692; x_wconf 86' lang='lat' dir='ltr'><strong>pertinere.</strong></span> <span class='ocrx_word' id='word_1_130' title='bbox 359 1604 475 1689; x_wconf 89' lang='lat' dir='ltr'><strong>Itaque</strong></span> <span class='ocrx_word' id='word_1_131' title='bbox 508 1605 719 1669; x_wconf 84' lang='lat' dir='ltr'><strong>exercebatur</strong></span> <span class='ocrx_word' id='word_1_132' title='bbox 751 1605 906 1670; x_wconf 89' lang='lat' dir='ltr'><strong>currendo</strong></span> <span class='ocrx_word' id='word_1_133' title='bbox 940 1609 974 1669; x_wconf 87' lang='lat' dir='ltr'><strong>et</strong></span> <span class='ocrx_word' id='word_1_134' title='bbox 1005 1606 1046 1669; x_wconf 89' lang='lat' dir='ltr'><strong>ad</strong></span> <span class='ocrx_word' id='word_1_135' title='bbox 1074 1627 1146 1670; x_wconf 92' lang='lat' dir='ltr'><strong>eum</strong></span> <span class='ocrx_word' id='word_1_136' title='bbox 1178 1601 1356 1690; x_wconf 78' lang='lat' dir='ltr'><strong>finem⁸)‚4</strong></span> 
     </span>
     <span class='ocr_line' id='line_1_17' title="bbox 135 1692 1318 1782; baseline -0.002 -22"><span class='ocrx_word' id='word_1_137' title='bbox 135 1694 248 1782; x_wconf 92' lang='lat' dir='ltr'><strong>quoad</strong></span> <span class='ocrx_word' id='word_1_138' title='bbox 276 1698 419 1760; x_wconf 86' lang='lat' dir='ltr'><strong>stantem</strong></span> <span class='ocrx_word' id='word_1_139' title='bbox 446 1693 619 1777; x_wconf 89' lang='lat' dir='ltr'><strong>complecti</strong></span> <span class='ocrx_word' id='word_1_140' title='bbox 645 1698 758 1777; x_wconf 88' lang='lat' dir='ltr'><strong>posset</strong></span> <span class='ocrx_word' id='word_1_141' title='bbox 789 1698 885 1778; x_wconf 90' lang='lat' dir='ltr'><strong>atque</strong></span> <span class='ocrx_word' id='word_1_142' title='bbox 917 1693 1128 1778; x_wconf 88' lang='lat' dir='ltr'><strong>contundere,</strong></span> <span class='ocrx_word' id='word_1_143' title='bbox 1155 1692 1318 1758; x_wconf 85' lang='lat' dir='ltr'><strong>luctando.</strong></span> 
     </span>
     <span class='ocr_line' id='line_1_18' title="bbox 136 1782 973 1867; baseline -0.006 -15"><span class='ocrx_word' id='word_1_144' title='bbox 136 1783 180 1852; x_wconf 91' lang='lat' dir='ltr'><strong>In</strong></span> <span class='ocrx_word' id='word_1_145' title='bbox 204 1782 306 1849; x_wconf 87' lang='lat' dir='ltr'><strong>armis</strong></span> <span class='ocrx_word' id='word_1_146' title='bbox 329 1804 407 1848; x_wconf 88' lang='lat' dir='ltr'><strong>vero</strong></span> <span class='ocrx_word' id='word_1_147' title='bbox 430 1782 607 1867; x_wconf 91' lang='lat' dir='ltr'><strong>plurimum</strong></span> <span class='ocrx_word' id='word_1_148' title='bbox 631 1782 730 1846; x_wconf 90' lang='lat' dir='ltr'><strong>studii</strong></span> <span class='ocrx_word' id='word_1_149' title='bbox 753 1782 973 1847; x_wconf 89' lang='lat' dir='ltr'><strong>consumebat.</strong></span> 
     </span>
    </p>

    <p class='ocr_par' dir='ltr' id='par_1_5' title="bbox 134 1870 1352 2221">
     <span class='ocr_line' id='line_1_19' title="bbox 229 1870 1352 1955; baseline -0.003 -18"><span class='ocrx_word' id='word_1_150' title='bbox 229 1870 290 1937; x_wconf 90' lang='lat' dir='ltr'><strong>III.</strong></span> <span class='ocrx_word' id='word_1_151' title='bbox 326 1870 379 1935; x_wconf 85' lang='lat' dir='ltr'><strong>Ad</strong></span> <span class='ocrx_word' id='word_1_152' title='bbox 406 1870 492 1935; x_wconf 91' lang='lat' dir='ltr'><strong>hanc</strong></span> <span class='ocrx_word' id='word_1_153' title='bbox 519 1871 664 1955; x_wconf 88' lang='lat' dir='ltr'><strong>corporis</strong></span> <span class='ocrx_word' id='word_1_154' title='bbox 697 1870 885 1936; x_wconf 86' lang='lat' dir='ltr'><strong>firmitatem</strong></span> <span class='ocrx_word' id='word_1_155' title='bbox 912 1871 1054 1954; x_wconf 90' lang='lat' dir='ltr'><strong>plurima</strong></span> <span class='ocrx_word' id='word_1_156' title='bbox 1086 1871 1188 1934; x_wconf 91' lang='lat' dir='ltr'><strong>etiam</strong></span> <span class='ocrx_word' id='word_1_157' title='bbox 1217 1870 1352 1935; x_wconf 74' lang='lat' dir='ltr'><strong>animis</strong></span> 
     </span>
     <span class='ocr_line' id='line_1_20' title="bbox 136 1958 1317 2044; baseline -0.003 -17"><span class='ocrx_word' id='word_1_158' title='bbox 136 1963 227 2027; x_wconf 89' lang='lat' dir='ltr'><strong>bona</strong></span> <span class='ocrx_word' id='word_1_159' title='bbox 250 1963 464 2026; x_wconf 89' lang='lat' dir='ltr'><strong>accesserant.</strong></span> <span class='ocrx_word' id='word_1_160' title='bbox 510 1958 593 2023; x_wconf 84' lang='lat' dir='ltr'><strong>Erat</strong></span> <span class='ocrx_word' id='word_1_161' title='bbox 612 1960 697 2023; x_wconf 90' lang='lat' dir='ltr'><strong>enim</strong></span> <span class='ocrx_word' id='word_1_162' title='bbox 716 1959 893 2038; x_wconf 90' lang='lat' dir='ltr'><strong>modestus,</strong></span> <span class='ocrx_word' id='word_1_163' title='bbox 916 1959 1068 2043; x_wconf 86' lang='lat' dir='ltr'><strong>prudens,</strong></span> <span class='ocrx_word' id='word_1_164' title='bbox 1091 1966 1214 2044; x_wconf 88' lang='lat' dir='ltr'><strong>gravis:</strong></span> <span class='ocrx_word' id='word_1_165' title='bbox 1236 1963 1317 2023; x_wconf 90' lang='lat' dir='ltr'><strong>tem·</strong></span> 
     </span>
     <span class='ocr_line' id='line_1_21' title="bbox 134 2047 1317 2136; baseline -0.004 -20"><span class='ocrx_word' id='word_1_166' title='bbox 134 2051 274 2136; x_wconf 90' lang='lat' dir='ltr'><strong>poribus</strong></span> <span class='ocrx_word' id='word_1_167' title='bbox 298 2048 464 2130; x_wconf 86' lang='lat' dir='ltr'><strong>sapienter</strong></span> <span class='ocrx_word' id='word_1_168' title='bbox 482 2047 650 2112; x_wconf 86' lang='lat' dir='ltr'><strong>utebatur:</strong></span> <span class='ocrx_word' id='word_1_169' title='bbox 673 2048 754 2113; x_wconf 90' lang='lat' dir='ltr'><strong>belli</strong></span> <span class='ocrx_word' id='word_1_170' title='bbox 773 2048 907 2131; x_wconf 90' lang='lat' dir='ltr'><strong>peritus,</strong></span> <span class='ocrx_word' id='word_1_171' title='bbox 930 2048 1041 2113; x_wconf 89' lang='lat' dir='ltr'><strong>animo</strong></span> <span class='ocrx_word' id='word_1_172' title='bbox 1064 2049 1215 2131; x_wconf 84' lang='lat' dir='ltr'><strong>maximo,</strong></span> <span class='ocrx_word' id='word_1_173' title='bbox 1234 2048 1317 2111; x_wconf 89' lang='lat' dir='ltr'><strong>veri·</strong></span> 
     </span>
     <span class='ocr_line' id='line_1_22' title="bbox 135 2135 1352 2221; baseline -0.004 -17"><span class='ocrx_word' id='word_1_174' title='bbox 135 2138 218 2205; x_wconf 89' lang='lat' dir='ltr'><strong>tatis</strong></span> <span class='ocrx_word' id='word_1_175' title='bbox 242 2137 323 2203; x_wconf 91' lang='lat' dir='ltr'><strong>adeo</strong></span> <span class='ocrx_word' id='word_1_176' title='bbox 347 2136 498 2221; x_wconf 88' lang='lat' dir='ltr'><strong>diligens,</strong></span> <span class='ocrx_word' id='word_1_177' title='bbox 520 2139 558 2199; x_wconf 96' lang='lat' dir='ltr'><strong>ut</strong></span> <span class='ocrx_word' id='word_1_178' title='bbox 579 2156 620 2199; x_wconf 91' lang='lat' dir='ltr'><strong>ne</strong></span> <span class='ocrx_word' id='word_1_179' title='bbox 643 2135 717 2201; x_wconf 89' lang='lat' dir='ltr'><strong>ioco</strong></span> <span class='ocrx_word' id='word_1_180' title='bbox 737 2135 866 2219; x_wconf 90' lang='lat' dir='ltr'><strong>quidem</strong></span> <span class='ocrx_word' id='word_1_181' title='bbox 890 2137 1091 2202; x_wconf 87' lang='lat' dir='ltr'><strong>mentiretur.</strong></span> <span class='ocrx_word' id='word_1_182' title='bbox 1127 2135 1219 2201; x_wconf 91' lang='lat' dir='ltr'><strong>Idem</strong></span> <span class='ocrx_word' id='word_1_183' title='bbox 1241 2152 1352 2200; x_wconf 79' lang='lat' dir='ltr'><strong>con-s</strong></span> 
     </span>
    </p>
   </div>
   <div class='ocr_carea' id='block_1_5' title="bbox 3 2223 1317 2400">
    <p class='ocr_par' dir='ltr' id='par_1_6' title="bbox 3 2223 1317 2400">
     <span class='ocr_line' id='line_1_23' title="bbox 4 2223 1316 2310; baseline -0.002 -20"><span class='ocrx_word' id='word_1_184' title='bbox 4 2281 9 2290; x_wconf 95' lang='lat'><strong>.</strong></span> <span class='ocrx_word' id='word_1_185' title='bbox 46 2289 50 2296; x_wconf 85' lang='grc'><strong><em>,</em></strong></span> <span class='ocrx_word' id='word_1_186' title='bbox 136 2229 249 2293; x_wconf 81' lang='lat' dir='ltr'><strong>tinans</strong></span> <span class='ocrx_word' id='word_1_187' title='bbox 277 2225 470 2310; x_wconf 91' lang='lat' dir='ltr'><strong>patiensque</strong></span> <span class='ocrx_word' id='word_1_188' title='bbox 499 2223 722 2289; x_wconf 88' lang='lat' dir='ltr'><strong>admirandum</strong></span> <span class='ocrx_word' id='word_1_189' title='bbox 747 2226 782 2289; x_wconf 95' lang='lat' dir='ltr'><strong>in</strong></span> <span class='ocrx_word' id='word_1_190' title='bbox 805 2223 949 2309; x_wconf 80' lang='lat' dir='ltr'><strong>modum,</strong></span> <span class='ocrx_word' id='word_1_191' title='bbox 977 2246 1043 2290; x_wconf 90' lang='lat' dir='ltr'><strong>non</strong></span> <span class='ocrx_word' id='word_1_192' title='bbox 1067 2226 1171 2289; x_wconf 91' lang='lat' dir='ltr'><strong>solum</strong></span> <span class='ocrx_word' id='word_1_193' title='bbox 1195 2224 1316 2308; x_wconf 90' lang='lat' dir='ltr'><strong>populi,</strong></span> 
     </span>
     <span class='ocr_line' id='line_1_24' title="bbox 3 2311 1317 2400; baseline -0.004 -19"><span class='ocrx_word' id='word_1_194' title='bbox 3 2357 7 2400; x_wconf 71' lang='lat'><strong>.·</strong></span> <span class='ocrx_word' id='word_1_195' title='bbox 112 2377 117 2385; x_wconf 82' lang='grc'><em>,</em></span> <span class='ocrx_word' id='word_1_196' title='bbox 136 2316 194 2381; x_wconf 89' lang='lat' dir='ltr'><strong>scd</strong></span> <span class='ocrx_word' id='word_1_197' title='bbox 214 2316 315 2379; x_wconf 91' lang='lat' dir='ltr'><strong>etiam</strong></span> <span class='ocrx_word' id='word_1_198' title='bbox 335 2314 513 2378; x_wconf 91' lang='lat' dir='ltr'><strong>amicorum</strong></span> <span class='ocrx_word' id='word_1_199' title='bbox 532 2313 625 2378; x_wconf 81' lang='lat' dir='ltr'><strong>facile</strong></span> <span class='ocrx_word' id='word_1_200' title='bbox 644 2311 771 2378; x_wconf 87' lang='lat' dir='ltr'><strong>ferebat</strong></span> <span class='ocrx_word' id='word_1_201' title='bbox 788 2312 937 2378; x_wconf 89' lang='lat' dir='ltr'><strong>iniurias:</strong></span> <span class='ocrx_word' id='word_1_202' title='bbox 956 2312 1123 2397; x_wconf 88' lang='lat' dir='ltr'><strong>inprimis</strong></span> <span class='ocrx_word' id='word_1_203' title='bbox 1142 2314 1317 2379; x_wconf 86' lang='lat' dir='ltr'><strong>commissa</strong></span> 
     </span>
    </p>
   </div>
   <div class='ocr_carea' id='block_1_6' title="bbox 0 3365 3 4037">
    <p class='ocr_par' dir='ltr' id='par_1_7' title="bbox 0 3365 3 4037">
     <span class='ocr_line' id='line_1_25' title="bbox 0 3365 3 4037; baseline 0 0"><span class='ocrx_word' id='word_1_204' title='bbox 0 3365 3 4037; x_wconf 95' lang='lat' dir='ltr'><strong> </strong></span> 
     </span>
    </p>
   </div>
   <div class='ocr_carea' id='block_1_7' title="bbox 0 3365 3 4300">
    <p class='ocr_par' dir='ltr' id='par_1_8' title="bbox 0 3365 3 4300">
     <span class='ocr_line' id='line_1_26' title="bbox 0 3365 3 4300; baseline 0 0"><span class='ocrx_word' id='word_1_205' title='bbox 0 3365 3 4300; x_wconf 95' lang='lat' dir='ltr'><strong> </strong></span> 
     </span>
    </p>
   </div>
   <div class='ocr_carea' id='block_1_8' title="bbox 133 2400 1350 3284">
    <p class='ocr_par' dir='ltr' id='par_1_9' title="bbox 133 2400 1350 3284">
     <span class='ocr_line' id='line_1_27' title="bbox 135 2400 1317 2487; baseline -0.003 -18"><span class='ocrx_word' id='word_1_206' title='bbox 135 2404 277 2469; x_wconf 87' lang='lat' dir='ltr'><strong>fideliter</strong></span> <span class='ocrx_word' id='word_1_207' title='bbox 308 2403 450 2469; x_wconf 84' lang='lat' dir='ltr'><strong>celabat:</strong></span> <span class='ocrx_word' id='word_1_208' title='bbox 478 2401 631 2487; x_wconf 87' lang='lat' dir='ltr'><strong>denique,</strong></span> <span class='ocrx_word' id='word_1_209' title='bbox 660 2402 746 2486; x_wconf 91' lang='lat' dir='ltr'><strong>quod</strong></span> <span class='ocrx_word' id='word_1_210' title='bbox 774 2401 936 2465; x_wconf 88' lang='lat' dir='ltr'><strong>interdum</strong></span> <span class='ocrx_word' id='word_1_211' title='bbox 959 2423 1026 2467; x_wconf 90' lang='lat' dir='ltr'><strong>non</strong></span> <span class='ocrx_word' id='word_1_212' title='bbox 1052 2401 1161 2466; x_wconf 91' lang='lat' dir='ltr'><strong>minus</strong></span> <span class='ocrx_word' id='word_1_213' title='bbox 1184 2400 1317 2486; x_wconf 89' lang='lat' dir='ltr'><strong>prodest</strong></span> 
     </span>
     <span class='ocr_line' id='line_1_28' title="bbox 135 2490 1315 2578; baseline -0.003 -21"><span class='ocrx_word' id='word_1_214' title='bbox 135 2515 236 2578; x_wconf 92' lang='lat' dir='ltr'><strong>quam</strong></span> <span class='ocrx_word' id='word_1_215' title='bbox 260 2491 380 2556; x_wconf 87' lang='lat' dir='ltr'><strong>diserte</strong></span> <span class='ocrx_word' id='word_1_216' title='bbox 400 2490 514 2574; x_wconf 86' lang='lat' dir='ltr'><strong>dicere,</strong></span> <span class='ocrx_word' id='word_1_217' title='bbox 538 2490 702 2555; x_wconf 88' lang='lat' dir='ltr'><strong>studiosus</strong></span> <span class='ocrx_word' id='word_1_218' title='bbox 726 2494 797 2554; x_wconf 92' lang='lat' dir='ltr'><strong>erat</strong></span> <span class='ocrx_word' id='word_1_219' title='bbox 821 2490 986 2555; x_wconf 87' lang='lat' dir='ltr'><strong>audiendi:</strong></span> <span class='ocrx_word' id='word_1_220' title='bbox 1011 2512 1050 2555; x_wconf 85' lang='lat' dir='ltr'><strong>ex</strong></span> <span class='ocrx_word' id='word_1_221' title='bbox 1073 2490 1135 2556; x_wconf 91' lang='lat' dir='ltr'><strong>hoc</strong></span> <span class='ocrx_word' id='word_1_222' title='bbox 1158 2491 1245 2555; x_wconf 91' lang='lat' dir='ltr'><strong>enim</strong></span> <span class='ocrx_word' id='word_1_223' title='bbox 1268 2490 1315 2554; x_wconf 83' lang='lat' dir='ltr'><strong>fa·</strong></span> 
     </span>
     <span class='ocr_line' id='line_1_29' title="bbox 135 2575 1350 2665; baseline -0.002 -18"><span class='ocrx_word' id='word_1_224' title='bbox 135 2582 259 2647; x_wconf 89' lang='lat' dir='ltr'><strong>cillime</strong></span> <span class='ocrx_word' id='word_1_225' title='bbox 282 2580 363 2646; x_wconf 87' lang='lat' dir='ltr'><strong>disci</strong></span> <span class='ocrx_word' id='word_1_226' title='bbox 386 2578 617 2644; x_wconf 89' lang='lat' dir='ltr'><strong>arbitrabatur.</strong></span> <span class='ocrx_word' id='word_1_227' title='bbox 658 2578 773 2664; x_wconf 85' lang='lat' dir='ltr'><strong>Itaque</strong></span> <span class='ocrx_word' id='word_1_228' title='bbox 797 2600 870 2643; x_wconf 88' lang='lat' dir='ltr'><strong>cum</strong></span> <span class='ocrx_word' id='word_1_229' title='bbox 894 2580 927 2643; x_wconf 91' lang='lat' dir='ltr'><strong>in</strong></span> <span class='ocrx_word' id='word_1_230' title='bbox 952 2580 1107 2645; x_wconf 88' lang='lat' dir='ltr'><strong>circulum</strong></span> <span class='ocrx_word' id='word_1_231' title='bbox 1130 2575 1314 2665; x_wconf 65' lang='lat' dir='ltr'><strong>venisses),</strong></span> <span class='ocrx_word' id='word_1_232' title='bbox 1334 2597 1350 2645; x_wconf 86' lang='lat'><strong>3</strong></span> 
     </span>
     <span class='ocr_line' id='line_1_30' title="bbox 134 2667 1314 2756; baseline -0.003 -21"><span class='ocrx_word' id='word_1_233' title='bbox 134 2672 172 2735; x_wconf 90' lang='lat' dir='ltr'><strong>in</strong></span> <span class='ocrx_word' id='word_1_234' title='bbox 191 2691 256 2756; x_wconf 92' lang='lat' dir='ltr'><strong>quo</strong></span> <span class='ocrx_word' id='word_1_235' title='bbox 278 2672 336 2734; x_wconf 92' lang='lat' dir='ltr'><strong>aut</strong></span> <span class='ocrx_word' id='word_1_236' title='bbox 353 2668 393 2732; x_wconf 92' lang='lat' dir='ltr'><strong>de</strong></span> <span class='ocrx_word' id='word_1_237' title='bbox 411 2667 591 2750; x_wconf 91' lang='lat' dir='ltr'><strong>republica</strong></span> <span class='ocrx_word' id='word_1_238' title='bbox 608 2667 831 2751; x_wconf 89' lang='lat' dir='ltr'><strong>disputaretur</strong></span> <span class='ocrx_word' id='word_1_239' title='bbox 849 2672 905 2732; x_wconf 90' lang='lat' dir='ltr'><strong>aut</strong></span> <span class='ocrx_word' id='word_1_240' title='bbox 923 2668 961 2732; x_wconf 91' lang='lat' dir='ltr'><strong>de</strong></span> <span class='ocrx_word' id='word_1_241' title='bbox 979 2668 1189 2752; x_wconf 88' lang='lat' dir='ltr'><strong>philosophia</strong></span> <span class='ocrx_word' id='word_1_242' title='bbox 1208 2689 1314 2733; x_wconf 89' lang='lat' dir='ltr'><strong>sermo</strong></span> 
     </span>
     <span class='ocr_line' id='line_1_31' title="bbox 134 2756 1315 2841; baseline -0.003 -17"><span class='ocrx_word' id='word_1_243' title='bbox 134 2759 322 2841; x_wconf 84' lang='lat' dir='ltr'><strong>haberetur,</strong></span> <span class='ocrx_word' id='word_1_244' title='bbox 339 2776 517 2841; x_wconf 88' lang='lat' dir='ltr'><strong>numquam</strong></span> <span class='ocrx_word' id='word_1_245' title='bbox 536 2756 611 2821; x_wconf 91' lang='lat' dir='ltr'><strong>inde</strong></span> <span class='ocrx_word' id='word_1_246' title='bbox 630 2756 720 2840; x_wconf 90' lang='lat' dir='ltr'><strong>prius</strong></span> <span class='ocrx_word' id='word_1_247' title='bbox 739 2756 896 2840; x_wconf 84' lang='lat' dir='ltr'><strong>discessit,</strong></span> <span class='ocrx_word' id='word_1_248' title='bbox 916 2779 1014 2841; x_wconf 83' lang='lat' dir='ltr'><strong>quam</strong></span> <span class='ocrx_word' id='word_1_249' title='bbox 1033 2756 1075 2821; x_wconf 93' lang='lat' dir='ltr'><strong>ad</strong></span> <span class='ocrx_word' id='word_1_250' title='bbox 1093 2758 1192 2822; x_wconf 87' lang='lat' dir='ltr'><strong>linem</strong></span> <span class='ocrx_word' id='word_1_251' title='bbox 1210 2779 1315 2822; x_wconf 89' lang='lat' dir='ltr'><strong>sermo</strong></span> 
     </span>
     <span class='ocr_line' id='line_1_32' title="bbox 135 2844 1350 2930; baseline -0.002 -17"><span class='ocrx_word' id='word_1_252' title='bbox 135 2852 225 2913; x_wconf 87' lang='lat' dir='ltr'><strong>esset</strong></span> <span class='ocrx_word' id='word_1_253' title='bbox 248 2845 414 2910; x_wconf 89' lang='lat' dir='ltr'><strong>adductus.</strong></span> <span class='ocrx_word' id='word_1_254' title='bbox 458 2844 690 2929; x_wconf 86' lang='lat' dir='ltr'><strong>Paupertatem</strong></span> <span class='ocrx_word' id='word_1_255' title='bbox 713 2845 794 2910; x_wconf 91' lang='lat' dir='ltr'><strong>adeo</strong></span> <span class='ocrx_word' id='word_1_256' title='bbox 817 2844 914 2910; x_wconf 89' lang='lat' dir='ltr'><strong>facile</strong></span> <span class='ocrx_word' id='word_1_257' title='bbox 938 2867 1109 2930; x_wconf 89' lang='lat' dir='ltr'><strong>perpessus</strong></span> <span class='ocrx_word' id='word_1_258' title='bbox 1133 2850 1191 2928; x_wconf 83' lang='lat' dir='ltr'><strong>est,</strong></span> <span class='ocrx_word' id='word_1_259' title='bbox 1214 2851 1253 2910; x_wconf 90' lang='lat' dir='ltr'><strong>ut</strong></span> <span class='ocrx_word' id='word_1_260' title='bbox 1275 2846 1314 2910; x_wconf 91' lang='lat' dir='ltr'><strong>de</strong></span> <span class='ocrx_word' id='word_1_261' title='bbox 1333 2862 1350 2910; x_wconf 88' lang='lat'>4</span> 
     </span>
     <span class='ocr_line' id='line_1_33' title="bbox 133 2933 1313 3020; baseline -0.002 -20"><span class='ocrx_word' id='word_1_262' title='bbox 133 2958 172 3001; x_wconf 90' lang='lat' dir='ltr'><strong>rc</strong></span> <span class='ocrx_word' id='word_1_263' title='bbox 185 2935 318 3020; x_wconf 91' lang='lat' dir='ltr'><strong>publica</strong></span> <span class='ocrx_word' id='word_1_264' title='bbox 331 2933 415 2998; x_wconf 92' lang='lat' dir='ltr'><strong>nihil</strong></span> <span class='ocrx_word' id='word_1_265' title='bbox 429 2937 558 3017; x_wconf 89' lang='lat' dir='ltr'><strong>praeter</strong></span> <span class='ocrx_word' id='word_1_266' title='bbox 572 2934 712 3018; x_wconf 79' lang='lat' dir='ltr'><strong>gloriam</strong></span> <span class='ocrx_word' id='word_1_267' title='bbox 726 2935 857 3018; x_wconf 88' lang='lat' dir='ltr'><strong>ceperit.</strong></span> <span class='ocrx_word' id='word_1_268' title='bbox 888 2934 1075 2999; x_wconf 79' lang='lat' dir='ltr'><strong>Amicorum</strong></span> <span class='ocrx_word' id='word_1_269' title='bbox 1094 2934 1129 2998; x_wconf 90' lang='lat' dir='ltr'><strong>in</strong></span> <span class='ocrx_word' id='word_1_270' title='bbox 1144 2956 1179 2999; x_wconf 87' lang='lat' dir='ltr'><strong>se</strong></span> <span class='ocrx_word' id='word_1_271' title='bbox 1193 2934 1313 2999; x_wconf 92' lang='lat' dir='ltr'><strong>tuendo</strong></span> 
     </span>
     <span class='ocr_line' id='line_1_34' title="bbox 134 3021 1312 3106; baseline -0.003 -17"><span class='ocrx_word' id='word_1_272' title='bbox 134 3023 242 3090; x_wconf 89' lang='lat' dir='ltr'><strong>caruit</strong></span> <span class='ocrx_word' id='word_1_273' title='bbox 260 3021 480 3105; x_wconf 84' lang='lat' dir='ltr'><strong>facultatibus,</strong></span> <span class='ocrx_word' id='word_1_274' title='bbox 493 3021 556 3085; x_wconf 91' lang='lat' dir='ltr'><strong>fide</strong></span> <span class='ocrx_word' id='word_1_275' title='bbox 576 3021 617 3086; x_wconf 92' lang='lat' dir='ltr'><strong>ad</strong></span> <span class='ocrx_word' id='word_1_276' title='bbox 635 3021 718 3086; x_wconf 91' lang='lat' dir='ltr'><strong>alios</strong></span> <span class='ocrx_word' id='word_1_277' title='bbox 738 3022 954 3086; x_wconf 89' lang='lat' dir='ltr'><strong>sublevandos</strong></span> <span class='ocrx_word' id='word_1_278' title='bbox 974 3043 1070 3106; x_wconf 88' lang='lat' dir='ltr'><strong>saepe</strong></span> <span class='ocrx_word' id='word_1_279' title='bbox 1090 3024 1137 3086; x_wconf 88' lang='lat' dir='ltr'><strong>sie</strong></span> <span class='ocrx_word' id='word_1_280' title='bbox 1156 3044 1234 3087; x_wconf 92' lang='lat' dir='ltr'><strong>usus</strong></span> <span class='ocrx_word' id='word_1_281' title='bbox 1254 3025 1312 3104; x_wconf 85' lang='lat' dir='ltr'><strong>est,</strong></span> 
     </span>
     <span class='ocr_line' id='line_1_35' title="bbox 133 3108 1347 3194; baseline 0 -17"><span class='ocrx_word' id='word_1_282' title='bbox 133 3117 174 3177; x_wconf 91' lang='lat' dir='ltr'><strong>ut</strong></span> <span class='ocrx_word' id='word_1_283' title='bbox 191 3111 329 3177; x_wconf 87' lang='lat' dir='ltr'><strong>iudicari</strong></span> <span class='ocrx_word' id='word_1_284' title='bbox 347 3111 452 3194; x_wconf 87' lang='lat' dir='ltr'><strong>possit</strong></span> <span class='ocrx_word' id='word_1_285' title='bbox 470 3109 580 3176; x_wconf 91' lang='lat' dir='ltr'><strong>omnia</strong></span> <span class='ocrx_word' id='word_1_286' title='bbox 603 3110 632 3174; x_wconf 92' lang='lat' dir='ltr'><strong>ei</strong></span> <span class='ocrx_word' id='word_1_287' title='bbox 651 3131 725 3174; x_wconf 88' lang='lat' dir='ltr'><strong>cum</strong></span> <span class='ocrx_word' id='word_1_288' title='bbox 744 3110 858 3174; x_wconf 85' lang='lat' dir='ltr'><strong>amieis</strong></span> <span class='ocrx_word' id='word_1_289' title='bbox 876 3108 978 3173; x_wconf 83' lang='lat' dir='ltr'><strong>inisse</strong></span> <span class='ocrx_word' id='word_1_290' title='bbox 997 3111 1190 3177; x_wconf 87' lang='lat' dir='ltr'><strong>communia.</strong></span> <span class='ocrx_word' id='word_1_291' title='bbox 1226 3109 1347 3177; x_wconf 81' lang='lat' dir='ltr'><strong>Nams</strong></span> 
     </span>
     <span class='ocr_line' id='line_1_36' title="bbox 135 3198 1314 3284; baseline -0.003 -18"><span class='ocrx_word' id='word_1_292' title='bbox 135 3223 212 3266; x_wconf 90' lang='lat' dir='ltr'><strong>cum</strong></span> <span class='ocrx_word' id='word_1_293' title='bbox 236 3207 294 3265; x_wconf 90' lang='lat' dir='ltr'><strong>aut</strong></span> <span class='ocrx_word' id='word_1_294' title='bbox 316 3200 435 3265; x_wconf 90' lang='lat' dir='ltr'><strong>civium</strong></span> <span class='ocrx_word' id='word_1_295' title='bbox 459 3220 592 3264; x_wconf 88' lang='lat' dir='ltr'><strong>suorum</strong></span> <span class='ocrx_word' id='word_1_296' title='bbox 615 3198 735 3283; x_wconf 89' lang='lat' dir='ltr'><strong>aliquis</strong></span> <span class='ocrx_word' id='word_1_297' title='bbox 759 3198 800 3263; x_wconf 93' lang='lat' dir='ltr'><strong>ab</strong></span> <span class='ocrx_word' id='word_1_298' title='bbox 824 3198 976 3264; x_wconf 90' lang='lat' dir='ltr'><strong>hostibus</strong></span> <span class='ocrx_word' id='word_1_299' title='bbox 1000 3202 1087 3264; x_wconf 88' lang='lat' dir='ltr'><strong>esset</strong></span> <span class='ocrx_word' id='word_1_300' title='bbox 1109 3203 1234 3284; x_wconf 85' lang='lat' dir='ltr'><strong>captus,</strong></span> <span class='ocrx_word' id='word_1_301' title='bbox 1257 3203 1314 3263; x_wconf 88' lang='lat' dir='ltr'><strong>aut</strong></span> 
     </span>
    </p>
   </div>
   <div class='ocr_carea' id='block_1_9' title="bbox 131 3433 1314 4436">
    <p class='ocr_par' dir='ltr' id='par_1_10' title="bbox 131 3433 1314 4436">
     <span class='ocr_line' id='line_1_37' title="bbox 173 3433 1314 3529; baseline 0.001 -30"><span class='ocrx_word' id='word_1_302' title='bbox 173 3443 295 3529; x_wconf 77' lang='lat' dir='ltr'><strong>⁸)Dicn</strong></span> <span class='ocrx_word' id='word_1_303' title='bbox 319 3433 381 3526; x_wconf 37' lang='lat' dir='ltr'><strong>&#39;viu</strong></span> <span class='ocrx_word' id='word_1_304' title='bbox 407 3442 537 3513; x_wconf 83' lang='lat' dir='ltr'><strong>Theben,</strong></span> <span class='ocrx_word' id='word_1_305' title='bbox 569 3442 696 3514; x_wconf 82' lang='lat' dir='ltr'><strong>augleich</strong></span> <span class='ocrx_word' id='word_1_306' title='bbox 750 3443 890 3499; x_wconf 88' lang='lat' dir='ltr'><strong>nachdem</strong></span> <span class='ocrx_word' id='word_1_307' title='bbox 900 3442 1047 3499; x_wconf 84' lang='lat' dir='ltr'><strong>Philolaus</strong></span> <span class='ocrx_word' id='word_1_308' title='bbox 1061 3444 1123 3499; x_wconf 87' lang='lat' dir='ltr'><strong>hier</strong></span> <span class='ocrx_word' id='word_1_309' title='bbox 1137 3445 1314 3517; x_wconf 86' lang='lat' dir='ltr'><strong>aufgatreten</strong></span> 
     </span>
     <span class='ocr_line' id='line_1_38' title="bbox 133 3514 1312 3669; baseline -0.001 -28"><span class='ocrx_word' id='word_1_310' title='bbox 133 3514 504 3669; x_wconf 34' lang='lat' dir='ltr'><strong>lyqsepqpntppeppgqfflenv</strong></span> <span class='ocrx_word' id='word_1_311' title='bbox 523 3585 628 3641; x_wconf 85' lang='lat' dir='ltr'><strong>Lehrer</strong></span> <span class='ocrx_word' id='word_1_312' title='bbox 641 3586 697 3640; x_wconf 86' lang='lat' dir='ltr'><strong>und</strong></span> <span class='ocrx_word' id='word_1_313' title='bbox 751 3531 817 3654; x_wconf 41' lang='lat'>&#39;8⁸3⁵</span> <span class='ocrx_word' id='word_1_314' title='bbox 828 3584 918 3668; x_wconf 80' lang='lat' dir='ltr'><strong>Nicht</strong></span> <span class='ocrx_word' id='word_1_315' title='bbox 935 3603 987 3655; x_wconf 83' lang='lat' dir='ltr'><strong>„an</strong></span> <span class='ocrx_word' id='word_1_316' title='bbox 1001 3586 1065 3669; x_wconf 84' lang='lat' dir='ltr'><strong>dem</strong></span> <span class='ocrx_word' id='word_1_317' title='bbox 1079 3585 1205 3655; x_wconf 85' lang='lat' dir='ltr'><strong>Zvvecke,</strong></span> <span class='ocrx_word' id='word_1_318' title='bbox 1224 3585 1312 3654; x_wconf 82' lang='lat' dir='ltr'><strong>dals“‚</strong></span> 
     </span>
     <span class='ocr_line' id='line_1_39' title="bbox 132 3655 1313 3728; baseline -0.003 -14"><span class='ocrx_word' id='word_1_319' title='bbox 132 3658 278 3728; x_wconf 82' lang='lat' dir='ltr'><strong>Ratgeber</strong></span> <span class='ocrx_word' id='word_1_320' title='bbox 297 3656 347 3712; x_wconf 85' lang='lat' dir='ltr'><strong>dea</strong></span> <span class='ocrx_word' id='word_1_321' title='bbox 365 3656 497 3711; x_wconf 88' lang='lat' dir='ltr'><strong>Penclca.</strong></span> <span class='ocrx_word' id='word_1_322' title='bbox 751 3659 872 3712; x_wconf 84' lang='lat' dir='ltr'><strong>scudem</strong></span> <span class='ocrx_word' id='word_1_323' title='bbox 890 3658 1206 3725; x_wconf 85' lang='lat' dir='ltr'><strong>„1nscvve1talsnoch“.</strong></span> <span class='ocrx_word' id='word_1_324' title='bbox 1233 3655 1313 3713; x_wconf 78' lang='lat' dir='ltr'><strong>Finis</strong></span> 
     </span>
     <span class='ocr_line' id='line_1_40' title="bbox 172 3725 1314 3800; baseline 0 -18"><span class='ocrx_word' id='word_1_325' title='bbox 172 3729 193 3800; x_wconf 79' lang='lat'><strong>³)</strong></span> <span class='ocrx_word' id='word_1_326' title='bbox 212 3728 411 3799; x_wconf 85' lang='lat' dir='ltr'><strong>Lamprus-aus</strong></span> <span class='ocrx_word' id='word_1_327' title='bbox 421 3726 523 3796; x_wconf 78' lang='lat' dir='ltr'><strong>Athen,</strong></span> <span class='ocrx_word' id='word_1_328' title='bbox 533 3727 637 3782; x_wconf 83' lang='lat' dir='ltr'><strong>Lehrer</strong></span> <span class='ocrx_word' id='word_1_329' title='bbox 647 3725 697 3782; x_wconf 88' lang='lat' dir='ltr'><strong>des</strong></span> <span class='ocrx_word' id='word_1_330' title='bbox 751 3728 804 3781; x_wconf 89' lang='lat' dir='ltr'><strong>hat</strong></span> <span class='ocrx_word' id='word_1_331' title='bbox 816 3727 863 3783; x_wconf 89' lang='lat' dir='ltr'><strong>nie</strong></span> <span class='ocrx_word' id='word_1_332' title='bbox 878 3727 1068 3799; x_wconf 85' lang='lat' dir='ltr'><strong>subjektiven,</strong></span> <span class='ocrx_word' id='word_1_333' title='bbox 1081 3728 1201 3784; x_wconf 77' lang='lat' dir='ltr'><strong>condem</strong></span> <span class='ocrx_word' id='word_1_334' title='bbox 1214 3728 1314 3783; x_wconf 88' lang='lat' dir='ltr'><strong>immer</strong></span> 
     </span>
     <span class='ocr_line' id='line_1_41' title="bbox 133 3797 1312 3871; baseline -0.001 -15"><span class='ocrx_word' id='word_1_335' title='bbox 133 3800 297 3871; x_wconf 83' lang='lat' dir='ltr'><strong>Sophoclea.</strong></span> <span class='ocrx_word' id='word_1_336' title='bbox 752 3797 917 3868; x_wconf 82' lang='lat' dir='ltr'><strong>objelvtiven</strong></span> <span class='ocrx_word' id='word_1_337' title='bbox 932 3799 1009 3856; x_wconf 87' lang='lat' dir='ltr'><strong>Sinn.</strong></span> <span class='ocrx_word' id='word_1_338' title='bbox 1038 3800 1101 3870; x_wconf 83' lang='lat' dir='ltr'><strong>Vgl.</strong></span> <span class='ocrx_word' id='word_1_339' title='bbox 1118 3799 1174 3855; x_wconf 84' lang='lat' dir='ltr'><strong>Cic.</strong></span> <span class='ocrx_word' id='word_1_340' title='bbox 1190 3801 1225 3855; x_wconf 93' lang='lat' dir='ltr'><strong>de</strong></span> <span class='ocrx_word' id='word_1_341' title='bbox 1240 3803 1312 3855; x_wconf 90' lang='lat' dir='ltr'><strong>orat.</strong></span> 
     </span>
     <span class='ocr_line' id='line_1_42' title="bbox 170 3868 886 3942; baseline -0.001 -17"><span class='ocrx_word' id='word_1_342' title='bbox 170 3872 192 3942; x_wconf 79' lang='lat'><strong>⁰)</strong></span> <span class='ocrx_word' id='word_1_343' title='bbox 215 3870 278 3925; x_wconf 89' lang='lat' dir='ltr'><strong>Den</strong></span> <span class='ocrx_word' id='word_1_344' title='bbox 306 3869 496 3924; x_wconf 84' lang='lat' dir='ltr'><strong>bekannteren</strong></span> <span class='ocrx_word' id='word_1_345' title='bbox 523 3868 697 3938; x_wconf 84' lang='lat' dir='ltr'><strong>Orthagcras</strong></span> <span class='ocrx_word' id='word_1_346' title='bbox 751 3869 886 3937; x_wconf 63' lang='grc'><strong>10114.</strong></span> 
     </span>
     <span class='ocr_line' id='line_1_43' title="bbox 132 3939 1313 4009; baseline -0.002 -11"><span class='ocrx_word' id='word_1_347' title='bbox 132 3960 183 3999; x_wconf 89' lang='lat' dir='ltr'><strong>aus</strong></span> <span class='ocrx_word' id='word_1_348' title='bbox 203 3941 322 3997; x_wconf 81' lang='lat' dir='ltr'><strong>Theben</strong></span> <span class='ocrx_word' id='word_1_349' title='bbox 338 3939 526 4008; x_wconf 80' lang='lat' dir='ltr'><strong>verschvveigt</strong></span> <span class='ocrx_word' id='word_1_350' title='bbox 543 3939 647 4009; x_wconf 86' lang='lat' dir='ltr'><strong>Nepos.</strong></span> <span class='ocrx_word' id='word_1_351' title='bbox 788 3939 811 4009; x_wconf 66' lang='grc'><strong>9)</strong></span> <span class='ocrx_word' id='word_1_352' title='bbox 828 3939 886 3996; x_wconf 89' lang='lat' dir='ltr'><strong>Der</strong></span> <span class='ocrx_word' id='word_1_353' title='bbox 901 3940 985 3995; x_wconf 87' lang='lat' dir='ltr'><strong>Kcn&#39;.</strong></span> <span class='ocrx_word' id='word_1_354' title='bbox 1003 3940 1169 3996; x_wconf 80' lang='lat' dir='ltr'><strong>bezeichnet</strong></span> <span class='ocrx_word' id='word_1_355' title='bbox 1185 3942 1249 3996; x_wconf 90' lang='lat' dir='ltr'><strong>hier</strong></span> <span class='ocrx_word' id='word_1_356' title='bbox 1267 3940 1313 3996; x_wconf 89' lang='lat' dir='ltr'><strong>die</strong></span> 
     </span>
     <span class='ocr_line' id='line_1_44' title="bbox 170 4008 1314 4083; baseline 0 -17"><span class='ocrx_word' id='word_1_357' title='bbox 170 4012 292 4083; x_wconf 84' lang='lat' dir='ltr'><strong>⁷)Nach</strong></span> <span class='ocrx_word' id='word_1_358' title='bbox 310 4011 429 4067; x_wconf 88' lang='lat' dir='ltr'><strong>anderer</strong></span> <span class='ocrx_word' id='word_1_359' title='bbox 445 4008 600 4064; x_wconf 84' lang='lat' dir='ltr'><strong>Nachricht</strong></span> <span class='ocrx_word' id='word_1_360' title='bbox 619 4009 696 4066; x_wconf 89' lang='lat' dir='ltr'><strong>lebte</strong></span> <span class='ocrx_word' id='word_1_361' title='bbox 749 4011 933 4067; x_wconf 85' lang='lat' dir='ltr'><strong>vviederholtc</strong></span> <span class='ocrx_word' id='word_1_362' title='bbox 991 4011 1125 4083; x_wconf 84' lang='lat' dir='ltr'><strong>andlang.</strong></span> <span class='ocrx_word' id='word_1_363' title='bbox 1178 4013 1314 4068; x_wconf 84' lang='lat' dir='ltr'><strong>Discessit</strong></span> 
     </span>
     <span class='ocr_line' id='line_1_45' title="bbox 131 4078 1314 4155; baseline 0 -17"><span class='ocrx_word' id='word_1_364' title='bbox 131 4082 214 4154; x_wconf 82' lang='lat' dir='ltr'><strong>Lysia</strong></span> <span class='ocrx_word' id='word_1_365' title='bbox 227 4083 273 4138; x_wconf 87' lang='grc'><strong>110</strong></span> <span class='ocrx_word' id='word_1_366' title='bbox 292 4100 327 4137; x_wconf 85' lang='lat' dir='ltr'><strong>au</strong></span> <span class='ocrx_word' id='word_1_367' title='bbox 345 4081 450 4137; x_wconf 88' lang='lat' dir='ltr'><strong>seinem</strong></span> <span class='ocrx_word' id='word_1_368' title='bbox 459 4080 536 4135; x_wconf 88' lang='lat' dir='ltr'><strong>Tcde</strong></span> <span class='ocrx_word' id='word_1_369' title='bbox 550 4078 591 4134; x_wconf 90' lang='lat' dir='ltr'><strong>im</strong></span> <span class='ocrx_word' id='word_1_370' title='bbox 602 4079 696 4136; x_wconf 86' lang='lat' dir='ltr'><strong>Haase</strong></span> <span class='ocrx_word' id='word_1_371' title='bbox 749 4082 874 4137; x_wconf 88' lang='lat' dir='ltr'><strong>nachher</strong></span> <span class='ocrx_word' id='word_1_372' title='bbox 887 4084 958 4137; x_wconf 88' lang='lat' dir='ltr'><strong>statt</strong></span> <span class='ocrx_word' id='word_1_373' title='bbox 971 4082 1135 4137; x_wconf 85' lang='lat' dir='ltr'><strong>discedebat</strong></span> <span class='ocrx_word' id='word_1_374' title='bbox 1147 4100 1247 4155; x_wconf 81' lang='lat' dir='ltr'><strong>wegen</strong></span> <span class='ocrx_word' id='word_1_375' title='bbox 1262 4086 1314 4138; x_wconf 89' lang='lat' dir='ltr'><strong>der</strong></span> 
     </span>
     <span class='ocr_line' id='line_1_46' title="bbox 131 4150 1313 4225; baseline 0 -15"><span class='ocrx_word' id='word_1_376' title='bbox 131 4156 181 4210; x_wconf 86' lang='lat' dir='ltr'><strong>dea</strong></span> <span class='ocrx_word' id='word_1_377' title='bbox 200 4153 301 4225; x_wconf 80' lang='lat' dir='ltr'><strong>Epam.</strong></span> <span class='ocrx_word' id='word_1_378' title='bbox 337 4152 375 4206; x_wconf 81' lang='lat' dir='ltr'><strong>Er</strong></span> <span class='ocrx_word' id='word_1_379' title='bbox 397 4153 477 4206; x_wconf 87' lang='lat' dir='ltr'><strong>hatte</strong></span> <span class='ocrx_word' id='word_1_380' title='bbox 499 4150 560 4206; x_wconf 88' lang='lat' dir='ltr'><strong>sich</strong></span> <span class='ocrx_word' id='word_1_381' title='bbox 580 4150 696 4206; x_wconf 81' lang='lat' dir='ltr'><strong>beiden</strong></span> <span class='ocrx_word' id='word_1_382' title='bbox 749 4153 892 4223; x_wconf 86' lang='lat' dir='ltr'><strong>Negeticn</strong></span> <span class='ocrx_word' id='word_1_383' title='bbox 923 4169 1083 4221; x_wconf 86' lang='lat' dir='ltr'><strong>numquam.</strong></span> <span class='ocrx_word' id='word_1_384' title='bbox 1128 4154 1161 4208; x_wconf 89' lang='lat' dir='ltr'><strong>In</strong></span> <span class='ocrx_word' id='word_1_385' title='bbox 1192 4154 1313 4210; x_wconf 83' lang='lat' dir='ltr'><strong>affirma·</strong></span> 
     </span>
     <span class='ocr_line' id='line_1_47' title="bbox 131 4220 1313 4294; baseline -0.002 -13"><span class='ocrx_word' id='word_1_386' title='bbox 131 4226 201 4281; x_wconf 77' lang='lat' dir='ltr'><strong>fiber</strong></span> <span class='ocrx_word' id='word_1_387' title='bbox 234 4223 281 4279; x_wconf 89' lang='lat' dir='ltr'><strong>die</strong></span> <span class='ocrx_word' id='word_1_388' title='bbox 312 4222 504 4294; x_wconf 77' lang='lat' dir='ltr'><strong>Pythagoreer</strong></span> <span class='ocrx_word' id='word_1_389' title='bbox 534 4220 564 4276; x_wconf 89' lang='lat' dir='ltr'><strong>in</strong></span> <span class='ocrx_word' id='word_1_390' title='bbox 595 4220 695 4278; x_wconf 88' lang='lat' dir='ltr'><strong>Unter-</strong></span> <span class='ocrx_word' id='word_1_391' title='bbox 748 4224 822 4278; x_wconf 89' lang='lat' dir='ltr'><strong>tiver</strong></span> <span class='ocrx_word' id='word_1_392' title='bbox 845 4223 929 4279; x_wconf 85' lang='lat' dir='ltr'><strong>Form</strong></span> <span class='ocrx_word' id='word_1_393' title='bbox 956 4224 1005 4279; x_wconf 88' lang='lat' dir='ltr'><strong>des</strong></span> <span class='ocrx_word' id='word_1_394' title='bbox 1027 4224 1216 4294; x_wconf 84' lang='lat' dir='ltr'><strong>Hauptaataas</strong></span> <span class='ocrx_word' id='word_1_395' title='bbox 1245 4226 1313 4280; x_wconf 88' lang='lat' dir='ltr'><strong>oder</strong></span> 
     </span>
     <span class='ocr_line' id='line_1_48' title="bbox 131 4293 1312 4375; baseline -0.003 -22"><span class='ocrx_word' id='word_1_396' title='bbox 131 4296 232 4353; x_wconf 87' lang='lat' dir='ltr'><strong>italien</strong></span> <span class='ocrx_word' id='word_1_397' title='bbox 242 4293 695 4375; x_wconf 79' lang='lat' dir='ltr'><strong>hereinbrechendenVerfolgung</strong></span> <span class='ocrx_word' id='word_1_398' title='bbox 749 4294 796 4349; x_wconf 90' lang='grc'><strong>101</strong></span> <span class='ocrx_word' id='word_1_399' title='bbox 813 4294 863 4349; x_wconf 83' lang='grc' dir='ltr'><strong>(1οτ</strong></span> <span class='ocrx_word' id='word_1_400' title='bbox 876 4294 1019 4363; x_wconf 84' lang='lat' dir='ltr'><strong>Negatiou</strong></span> <span class='ocrx_word' id='word_1_401' title='bbox 1037 4312 1093 4351; x_wconf 87' lang='lat' dir='ltr'><strong>non</strong></span> <span class='ocrx_word' id='word_1_402' title='bbox 1107 4296 1203 4351; x_wconf 76' lang='lat' dir='ltr'><strong>warde</strong></span> <span class='ocrx_word' id='word_1_403' title='bbox 1222 4295 1312 4350; x_wconf 89' lang='lat' dir='ltr'><strong>disce·</strong></span> 
     </span>
     <span class='ocr_line' id='line_1_49' title="bbox 132 4363 964 4436; baseline -0.005 -11"><span class='ocrx_word' id='word_1_404' title='bbox 132 4368 205 4425; x_wconf 90' lang='lat' dir='ltr'><strong>uach</strong></span> <span class='ocrx_word' id='word_1_405' title='bbox 225 4367 343 4422; x_wconf 80' lang='lat' dir='ltr'><strong>Theben</strong></span> <span class='ocrx_word' id='word_1_406' title='bbox 365 4366 500 4436; x_wconf 86' lang='lat' dir='ltr'><strong>gerettet,</strong></span> <span class='ocrx_word' id='word_1_407' title='bbox 523 4363 608 4419; x_wconf 85' lang='lat' dir='ltr'><strong>kurae</strong></span> <span class='ocrx_word' id='word_1_408' title='bbox 634 4365 697 4419; x_wconf 84' lang='lat' dir='ltr'><strong>Zevt</strong></span> <span class='ocrx_word' id='word_1_409' title='bbox 750 4366 837 4421; x_wconf 91' lang='lat' dir='ltr'><strong>debat</strong></span> <span class='ocrx_word' id='word_1_410' title='bbox 855 4366 964 4421; x_wconf 85' lang='lat' dir='ltr'><strong>ateheu.</strong></span> 
     </span>
    </p>
   </div>
   <div class='ocr_carea' id='block_1_10' title="bbox 1058 4456 1095 4508">
    <p class='ocr_par' dir='ltr' id='par_1_11' title="bbox 1058 4456 1095 4508">
     <span class='ocr_line' id='line_1_50' title="bbox 1058 4456 1095 4508; baseline 0 -20"><span class='ocrx_word' id='word_1_411' title='bbox 1058 4456 1095 4508; x_wconf 71' lang='grc'><strong>4*</strong></span> 
     </span>
    </p>
   </div>
   <div class='ocr_carea' id='block_1_11' title="bbox 0 0 1484 4759">
    <p class='ocr_par' dir='ltr' id='par_1_12' title="bbox 0 0 1484 4759">
     <span class='ocr_line' id='line_1_51' title="bbox 0 0 1484 4759; baseline 0 1"><span class='ocrx_word' id='word_1_412' title='bbox 0 0 1484 4759; x_wconf 95' lang='lat' dir='ltr'><strong> </strong></span> 
     </span>
    </p>
   </div>
  </div>
 </body>
</html>
