2959 4759
493 180 592 237 XVIII.
624 179 809 236 EUMENES.
836 187 860 238 1.
1219 180 1263 245 63

88 346 177 411 satis.
222 344 317 421 Quod
340 345 371 410 ei
393 366 455 409 usu
478 344 581 424 venit,
609 365 681 409 cum
706 344 932 428 octogenarius
956 343 1099 408 subsidio
1120 344 1162 425 [a.
1182 344 1262 427 361]
1283 360 1298 406 2

89 433 200 500 Tacho
223 435 259 498 in
274 433 461 518 Aegyptum
484 434 566 497 isset
584 437 618 497 et
635 434 670 496 in
689 436 762 498 aeta
781 432 983 498 accubuisset
1002 434 1071 497 sine
1089 433 1157 498 ullo
1177 437 1262 499 tecto

87 526 290 606 stratumque
308 521 446 587 haberet
467 522 543 606 tale,
565 526 603 585 ut
625 523 714 585 terra
731 523 819 586 tecta
842 524 928 585 esset
948 521 1137 586 stramentis
1160 544 1263 607 neque

88 632 125 676 eo
150 612 292 694 amplius
312 632 409 695 quam
428 610 524 693 pellis
548 612 634 675 esset
652 608 781 693 iniecta,
805 610 980 694 eodemque
999 611 1132 675 comites
1152 632 1262 676 omnes

86 698 316 764 accubuissent
338 699 458 763 vestitu
480 698 599 762 humili
623 701 720 782 atque
744 698 905 782 obsoleto,
932 701 970 763 ut
992 719 1104 764 eorum
1128 702 1262 763 ornatus

18 819 20 878 ς
85 809 151 854 non
170 788 268 853 modo
292 788 325 851 in
349 783 470 873 istisw)
494 807 606 871 regem
628 787 792 851 neminem
811 786 1016 872 significaret,
1039 786 1095 852 sed
1111 787 1261 853 homines

18 885 20 902 ⁸
84 897 150 941 non
169 876 381 941 beatissimos
405 896 476 941 esse
494 875 711 960 suspicionem
730 876 910 958 praeberet.
951 874 1043 940 Illius
1062 876 1101 940 de
1120 875 1296 941 adventus

84 986 156 1029 cum
181 965 270 1030 fama
293 965 334 1029 cd
356 966 465 1049 regios
489 967 576 1028 esset
597 964 735 1048 perlata,
765 965 913 1028 celeriter
936 985 1070 1028 munera
1093 986 1131 1028 eo
1155 965 1261 1029 cuius·

18 1073 20 1132 ζ
83 1055 131 1119 vis
160 1054 290 1137 generis
317 1057 397 1118 sunt
425 1053 533 1117 allata.
579 1051 818 1128 Quaerentibus
849 1056 958 1118 autam
985 1051 1177 1136 Agesilaum
1206 1053 1261 1117 rix

18 1141 20 1234 ζ
83 1141 162 1207 fides
185 1142 274 1207 facta
295 1147 361 1221 est,
383 1163 485 1206 unum
508 1161 578 1205 esse
602 1162 640 1205 ex
663 1140 745 1224 illis,
768 1141 916 1226 quitum
940 1141 1151 1206 accubabant.
1197 1140 1297 1217 Quis

18 1239 19 1266 ³
83 1252 155 1295 eum
184 1232 271 1315 regis
296 1229 404 1295 verbis
433 1251 516 1314 quae
539 1230 718 1294 attulerant
740 1229 918 1309 dedissent,
947 1230 1003 1294 ille
1027 1233 1156 1313 praeter
1177 1229 1260 1294 vitu-

18 1299 20 1376 l

18 1417 20 1528 ,

83 1318 187 1384 linam
210 1326 244 1384 et
263 1318 423 1384 eiusmodi
446 1337 567 1403 genera
590 1318 727 1399 obsonii,
751 1340 832 1403 quae
850 1340 1005 1403 praesens
1027 1322 1157 1402 tempus
1179 1317 1261 1382 desi·

83 1407 233 1491 derabat,
266 1407 349 1472 nibil
377 1407 515 1490 accepit:
542 1410 722 1491 unguenta,
749 1428 886 1472 coronas
914 1406 1150 1491 secundamque
1173 1427 1259 1471 men·

82 1516 151 1560 sam
182 1496 285 1561 serris
314 1495 492 1580 dispertiit,
525 1500 633 1560 cetera
662 1494 777 1559 referri
809 1496 912 1560 iussit.
962 1495 1034 1572 Quo
1065 1496 1152 1561 facto
1186 1511 1296 1560 eumn

82 1584 216 1651 barbari
238 1585 343 1670 magis
367 1585 465 1649 etiam
489 1587 766 1669 contempserunt,
789 1583 876 1668 quod
898 1584 1085 1668 ignorantia
1108 1606 1181 1648 eum
1205 1584 1261 1648 bo·

18 1713 20 1756 3
81 1695 198 1739 narum
221 1695 329 1738 rerum
352 1672 412 1737 illa
434 1672 642 1756 potissimum
665 1673 843 1755 sumpsisse
867 1673 1119 1737 arbitrabantur.

173 1763 220 1825 At
252 1783 324 1826 cum
357 1782 397 1825 ex
428 1760 582 1845 Aegypto
614 1764 843 1845 reverteretur,
875 1760 1014 1826 donatus
1047 1764 1097 1825 est
1129 1783 1149 1825 a
1182 1780 1293 1845 regas

80 1845 351 1935 Nectanabidew)
380 1850 525 1914 ducentis
553 1848 671 1934 viginti
696 1849 845 1932 talentis,
873 1870 954 1932 quae
982 1849 1109 1913 muneri
1136 1850 1257 1933 populo

18 1995 20 2026 ,
82 1960 142 2004 suo
166 1940 268 2004 daret.
312 1936 375 2004 Sed
399 1959 472 2003 cum
494 1938 637 2002 venisset
659 1938 694 2001 in
717 1941 857 2021 portum,
881 1939 936 2022 qui
955 1936 1096 2003 Menelai
1113 1941 1256 2022 vocatur,

80 2027 188 2094 iacens
216 2027 303 2093 inter
330 2025 476 2111 Cyrenas
503 2030 537 2091 et
563 2026 765 2110 Aegyptum,
792 2027 828 2091 in
855 2027 1006 2091 morbum
1033 2024 1257 2111 implicitus²¹)

81 2115 228 2183 decessit.
264 2116 316 2180 Ibi
334 2136 407 2179 eum
427 2116 533 2199 amici,
556 2135 621 2199 quo
636 2113 789 2197 Spartam
807 2114 935 2179 facilius
953 2115 1095 2198 perferre
1113 2120 1256 2200 possent,
1276 2133 1291 2181 '1

80 2206 166 2288 quod
194 2205 259 2268 mel
286 2225 352 2269 non
380 2203 561 2282 habebant,
593 2224 667 2267 cera
695 2203 971 2268 circumfuderunt
1001 2207 1099 2288 atque
1127 2203 1175 2268 ita
1202 2203 1256 2267 do·

80 2314 170 2358 mum
193 2290 445 2378 rettulerunt22).

561 2418 774 2425 ῳ...-

452 2577 592 2652 XVIII.
629 2575 871 2651 EUMENES.

167 2718 192 2783 Ι.
224 2717 379 2784 Eumenis
407 2717 558 2784 Cardiani
591 2718 706 2784 virtuti
738 2718 766 2783 si
799 2739 859 2802 par
897 2716 973 2783 data
999 2721 1087 2783 essct
1115 2716 1288 2801 fortunar

18 2809 20 2838 ¹
77 2830 145 2873 non
178 2807 233 2871 Ille
266 2807 394 2892 quidem
422 2809 540 2891 maior,
572 2806 658 2892 quod
690 2827 827 2891 magnos
860 2828 921 2871 nos
953 2807 1101 2871 homines
1132 2807 1254 2872 virtute

18 2903 19 2908 ’
78 2897 242 2977 metimur,
263 2916 330 2959 non
352 2895 493 2978 fortuna,
516 2896 572 2960 sed
595 2895 700 2960 multo
723 2895 883 2959 illustrior
906 2899 1005 2979 atque
1028 2896 1128 2960 etiam
1151 2896 1254 2961 hono-

18 3325 20 3356 l

18 3359 20 3418 l

75 2983 182 3048 ratior
203 2981 329 3046 fuisset.
373 2981 460 3046 Nam
483 3003 556 3047 cum
579 2986 670 3047 aetas
693 2983 763 3046 eius
786 2982 955 3048 incidisset
977 2982 1010 3047 in
1034 3004 1072 3046 ea
1094 2987 1288 3066 tempora,2

76 3071 198 3156 quibus
220 3068 415 3134 Macedonas
438 3070 605 3152 florerent,
635 3071 776 3133 multum
799 3070 830 3134 ei
852 3070 993 3133 detramt
1016 3070 1100 3133 inter
1123 3072 1183 3135 hos
1206 3071 1253 3136 vi—

75 3158 182 3243 venti,
205 3158 292 3244 quod
314 3157 438 3224 alienae
466 3162 537 3223 erat
558 3157 712 3223 civitatis:
739 3178 843 3241 neque
866 3157 953 3221 aliud
977 3158 1006 3223 ei
1029 3157 1133 3223 deluit
1156 3181 1252 3243 quam
1272 3178 1288 3225 3

78 3269 237 3333 generosa
264 3248 378 3331 stirps,
410 3248 473 3312 etsi
502 3246 677 3311 domestico
705 3268 832 3311 summo
865 3265 982 3331 genere
1011 3251 1089 3311 erat.
1138 3244 1253 3332 Neque

77 3341 189 3403 tamen
214 3357 281 3401 non
303 3336 514 3420 patiebantur
536 3335 745 3418 Macedones,
773 3335 921 3420 quamvis
946 3335 1079 3421 indigne
1102 3334 1253 3420 ferentes,

78 3446 151 3491 eum
183 3425 247 3490 sibi
280 3425 454 3509 aliquando
488 3426 653 3509 anteponi.
707 3422 872 3490 Vincebat
903 3423 990 3488 enim
1022 3446 1134 3490 omnes
1168 3446 1253 3509 cura,

79 3514 261 3600 vigilantia,
282 3514 451 3598 patientia,
474 3514 662 3597 calliditate,
683 3513 808 3599 ingenii
832 3512 1007 3579 celeritate.

165 3602 487 3669 Peradulescentulus
511 3603 550 3668 ad
575 3603 752 3669 amicitiam
781 3602 919 3668 accessit
937 3602 1091 3687 Philippi,
1114 3604 1157 3683 [a.
1171 3603 1250 3685 343]
1271 3622 1288 3671 4

77 3692 241 3776 Amyntas
259 3691 328 3774 filii,
352 3692 505 3777 brevique
526 3695 673 3777 tempore
696 3692 731 3755 in
749 3691 900 3756 intimam
918 3691 1066 3774 pervenit
1083 3690 1252 3757 familiari·

77 3783 192 3845 tatem:
228 3779 376 3864 fulgebat
407 3781 494 3844 enim
526 3781 592 3844 iam
620 3782 654 3844 in
684 3780 928 3845 adulescentulo
955 3780 1080 3845 indoles
1111 3781 1251 3846 virtutis.

77 3865 192 3954 Itaque
220 3868 276 3934 ille
304 3890 377 3935 eum
406 3868 446 3932 ad
474 3889 606 3933 manum
629 3868 746 3933 habuIt
773 3869 897 3935 scribas
920 3869 1006 3951 loco,
1034 3869 1120 3954 quod
1148 3871 1287 3939 multoc

113 4061 146 4131 ¹⁹)
166 4061 225 4115 Das
243 4061 399 4116 Pronomen
421 4058 535 4115 vertritt
557 4058 637 4114 nicht
728 4058 762 4129 ²⁰)
786 4059 959 4116 Nectanabis
981 4059 1027 4128 11,
1058 4060 1108 4115 das
1140 4061 1250 4117 Tachos

78 4130 188 4188 einfaeb
210 4132 256 4186 die
279 4131 367 4187 Stella
390 4131 439 4186 des
458 4129 635 4186 substantiva
689 4131 813 4200 (lagnon,
843 4149 877 4186 ru
905 4131 970 4185 dam
992 4129 1141 4201 Agesilaus
1169 4131 1251 4186 fiber·

78 4204 129 4258 wis
156 4204 193 4271 is,
222 4203 342 4257 sondern
370 4202 481 4258 enthfflt
507 4200 635 4270 zugleich
688 4217 838 4303 gegangen
855 4217 921 4258 war.

78 4271 137 4329 sine
154 4272 339 4343 HInweisung
356 4274 405 4329 aul
422 4272 473 4327 das
489 4271 635 4343 klltgliche
740 4271 761 4342 ¹)
780 4274 862 4327 Anni.
881 4291 915 4327 zu
933 4273 1016 4326 Paus.
1035 4270 1083 4337 IV,
1102 4278 1127 4327 6.

77 4342 221 4401 Aussehsn
238 4343 288 4399 der
306 4344 432 4402 comites.
727 4342 762 4412 ²¹)
781 4341 877 4414 (lagen
893 4343 972 4398 Euda
992 4344 1040 4398 das
1058 4342 1157 4397 Jahres
1171 4345 1230 4397 361.
