2959 4759
225 191 268 256 32
686 191 720 248 X.
748 190 847 247 DION.
872 197 896 245 1.
911 198 936 246 2.

224 355 373 438 celatum,
392 351 619 438 Tiribaaus¹¹),
642 352 698 439 qui
717 350 873 418 Sardibus
891 355 1050 437 praeerat,
1072 351 1242 419 Cononem
1268 354 1408 435 [aeas]

225 442 384 527 evocavit,
408 443 564 507 simulans
589 442 629 507 ad
656 461 768 526 regem
791 463 864 506 eum
889 463 923 507 se
950 441 1082 507 mittere
1107 442 1191 506 vella
1217 463 1340 526 magna
1366 443 1408 508 de

223 552 267 597 re.
303 529 364 597 cui
387 530 503 596 nuntio
523 529 637 596 Conon
659 552 779 613 parens
802 552 876 596 cum
894 530 1037 595 venisset
1047 527 1095 616 ¹²),
1117 530 1153 594 in
1174 531 1305 596 vincula
1327 552 1410 597 con-

188 619 326 684 aiectus
350 623 413 703 est,
435 620 471 684 in
500 619 617 703 quibus
647 617 845 704 aliquamdiu
868 618 940 684 fuit
985 616 1066 683 Inde
1088 618 1241 684 nonnulli
1263 641 1339 685 eum
1366 620 1409 684 ad

224 728 335 792 regem
354 708 529 773 abductum
547 707 658 791 ibique
677 707 800 791 perisse
815 706 972 790 scriptum
991 707 1201 792 reliquerunt.
1233 707 1280 771 At
1294 707 1410 773 Dinon

224 795 408 880 historicus,
431 797 484 861 eui
506 817 566 861 nos
589 796 764 879 plurimum
788 795 828 859 de
849 794 988 860 Persicis
1011 794 1109 860 rebus
1132 795 1304 880 credimus,
1325 796 1409 861 effu·

225 885 312 969 gisse
336 906 409 950 eum
433 884 577 967 scripsit:
600 884 681 949 illud
704 882 884 966 addubitat,
906 888 1015 948 utrum
1039 882 1188 949 Tiribazo
1213 885 1336 950 sciente
1363 906 1409 949 an

224 971 427 1057 imprudente
451 974 495 1038 sit
516 969 693 1057 factum¹³).

708 1310 751 1383 X.
788 1310 916 1383 DION.

191 1465 205 1513 1
313 1446 337 1512 1.
360 1446 456 1533 Dion,
474 1446 649 1532 Hipparini
668 1448 764 1532 filius,
783 1446 1016 1531 Syracusanus,
1034 1446 1137 1511 nobili
1156 1468 1276 1532 genere
1294 1453 1407 1533 natus,

225 1539 362 1620 utraque
384 1535 449 1600 fuit
471 1536 655 1620 implicatus
663 1535 689 1623 ¹)
712 1538 888 1621 tyrannide
907 1536 1147 1619 Dionysiorum.
1178 1535 1331 1620 Namque
1349 1538 1408 1603 ille

226 1621 405 1710 superior&
425 1625 684 1710 Aristomachen,
699 1646 844 1690 sororem
859 1624 983 1701 Dionis,
1002 1623 1118 1687 hahuit
1131 1624 1166 1687 in
1180 1626 1408 1710 matrimonio,

226 1734 264 1776 ex
283 1734 347 1796 qua
364 1712 445 1778 duos
464 1714 558 1798 filios,
577 1713 796 1797 Hipparinum
815 1717 848 1777 et
862 1712 1029 1790 Nisaeum,
1047 1713 1231 1794 procreavit
1249 1714 1408 1779 totidem·

226 1822 288 1885 que
315 1800 412 1883 filias,
435 1802 567 1866 nomine
595 1800 827 1887 Sophrosynen
859 1804 894 1866 et
921 1802 1057 1881 Areten,
1090 1821 1225 1884 quarum
1259 1803 1407 1885 priorem

226 1888 384 1973 Dionysio
415 1890 496 1972 filio,
524 1890 628 1955 eidem
634 1940 643 1973 ,
674 1891 726 1955 cui
756 1911 892 1975 regnum
920 1888 1067 1973 reliquit,
1096 1892 1234 1972 nuptum
1266 1890 1407 1977 dedit⁸),

190 1995 206 2044 2
226 1978 371 2055 alteram,
388 1977 519 2063 Areten,
538 1978 645 2043 Dioni.
674 1979 761 2044 Dion
780 1983 888 2043 autem
907 1981 1039 2061 praeter
1057 1997 1248 2061 generosam
1267 1982 1405 2065 propin·

225 2065 383 2150 quitatem
411 2068 618 2152 nobilemque
641 2068 801 2131 maiorum
830 2066 950 2131 lamam
973 2066 1093 2130 multas
1122 2065 1203 2130 alias
1226 2089 1247 2131 a
1270 2088 1305 2131 se
1329 2069 1403 2153 ipse

223 2154 340 2218 hahuit
358 2155 665 2235 commendationes,
685 2156 719 2219 in
737 2156 790 2219 his
808 2156 976 2239 ingenium
995 2153 1108 2237 docile,
1127 2152 1260 2240 come4),
1284 2160 1402 2240 aptum

225 2243 265 2306 ad
295 2246 381 2307 artes
408 2244 562 2327 optimas,
590 2265 745 2329 magnam
773 2245 919 2329 corporis
947 2238 1185 2329 dignitatem5),
1218 2263 1302 2327 quae
1335 2267 1404 2310 non

225 2330 394 2396 minimum
408 2332 622 2413 commendat,
638 2352 776 2415 magnas
790 2336 959 2417 praeterea
973 2331 1104 2396 divitias
1119 2353 1138 2395 a
1151 2334 1244 2413 patre
1258 2331 1403 2421 relictas,

192 2438 207 2487 3
227 2441 308 2503 quas
326 2421 397 2503 ipse
415 2424 546 2503 tyranni
565 2422 754 2486 muneribus
774 2417 948 2507 auxerat0).
981 2418 1063 2484 Erat
1080 2418 1215 2483 intimus
1237 2419 1404 2506 Dionysio

125 2513 129 2520 '
225 2507 335 2591 priori,
356 2506 493 2594 nequet)
518 2510 625 2574 minus
648 2513 785 2592 propter
808 2531 914 2574 mores
937 2530 1034 2593 quam
1058 2507 1258 2572 affinitatem.
1297 2508 1402 2576 Nam·

225 2616 287 2679 que
311 2598 372 2660 etsi
393 2596 540 2681 Dionysii
563 2598 737 2662 crudelitas
762 2599 792 2662 ei
815 2597 1017 2682 displicebat,
1039 2599 1150 2661 tamen
1174 2597 1302 2663 salvum
1326 2620 1403 2664 eum

225 2705 294 2749 esse
317 2689 450 2768 propter
472 2685 755 2769 necessitudinem,
777 2688 883 2772 magis
903 2686 1000 2751 etiam
1014 2706 1151 2750 suorum
1171 2707 1268 2750 causa
1291 2688 1403 2753 stude·

224 2772 290 2836 bat.
330 2771 453 2838 Aderat
475 2774 510 2838 in
533 2773 660 2858 magnis
683 2774 791 2857 rebus,
814 2777 946 2859 eiusque
969 2773 1105 2839 consilio
1129 2774 1268 2838 multum
1293 2797 1403 2842 move-

225 2859 321 2924 batur
348 2865 520 2946 tyrannus,
542 2862 606 2926 nisi
634 2883 699 2946 qua
726 2863 761 2927 in
787 2885 821 2928 re
851 2864 956 2928 maior
983 2863 1085 2947 ipsius
1113 2860 1270 2945 cupiditas
1299 2864 1402 2930 inter·

188 2955 372 3016 4cesserat.
404 2948 602 3033 Legationes
626 2972 703 3016 vero
728 2973 850 3037 omnes,
874 2973 957 3036 quae
981 2955 1091 3016 essent
1113 2951 1318 3031 illustriores,
1343 2975 1403 3037 per

224 3036 364 3103 Dionem
378 3039 702 3104 administrabantur:
717 3062 798 3125 quas
812 3040 943 3125 quidem
956 3039 1013 3105 ille
1029 3036 1234 3125 diligenter⁸)
1249 3040 1401 3107 obeundo

190 3127 482 3193 ccrudelissimum
506 3150 624 3194 nomen
652 3130 786 3212 tyranni
810 3151 869 3194 sua
891 3128 1096 3193 humanitate
1123 3127 1274 3193 leniebat.
1321 3127 1400 3194 (lar-

265 3352 298 3422 ¹¹)
316 3352 488 3422 Nachfolgar
507 3355 557 3408 des
576 3353 759 3410 Tithraustes.
876 3354 898 3424 ⁶)
913 3354 998 3409 Sonat
1006 3353 1045 3409 ist
1055 3351 1179 3421 dignitas
1191 3353 1399 3424 diapolitische

264 3423 297 3493 1²)
309 3422 479 3478 Cononkam
487 3422 786 3480 vielmehruonAthcn
838 3427 896 3480 und
910 3425 1012 3480 sociale
1028 3424 1164 3493 Stellung,
1179 3440 1316 3494 wogegen
1334 3443 1398 3495 gra-

225 3494 267 3549 als
282 3492 439 3549 Gasaudter
453 3493 649 3564 zuTiribaaus‚
662 3496 784 3551 umdem
838 3494 913 3551 vitas
950 3495 1090 3550 sittlicher
1124 3493 1209 3549 Ernst
1243 3496 1302 3550 und
1338 3500 1397 3551 ent

224 3565 361 3619 Einflusse
392 3565 441 3619 des
466 3565 648 3634 geschichten
673 3566 784 3621 laceda-
838 3566 1009 3636 sprechende
1029 3565 1137 3622 tussere
1151 3565 1265 3621 Wfirde.
1292 3565 1399 3636 Magna

224 3634 784 3717 momsohenUnterhandlersAntalcidas
838 3654 913 3707 corp.
943 3636 1019 3707 dign.
1046 3637 1122 3720 lrann
1149 3636 1229 3691 indes
1260 3653 1314 3692 nur
1351 3638 1397 3719 ein

293 3706 784 3834 relabamini,
837 3707 1170 3850 1111111113
1185 3696 1396 3859 heraeas:

224 3847 271 3902 bei
284 3847 429 3918 Euagoras
443 3847 495 3902 auf
506 3846 615 3918 Gypern
633 3850 692 3903 und
706 3848 784 3904 starb
837 3850 898 3905 keit
911 3850 969 3903 und
984 3848 1088 3903 Pracht
1101 3847 1147 3903 ist.
1166 3836 1305 3919 Ubrrgens
1319 3848 1396 3920 pafst

224 3917 352 4019 dapelbst
369 3919 437 3974 bald
455 3936 492 3974 an
506 3920 583 3974 einer
597 3920 763 3976 Kranlrheit.
839 3921 929 3976 dieser
936 3920 1032 3975 Punlrt
1041 3921 1095 3974 wie
1109 3920 1159 3974 der
1170 3918 1302 3990 fulgenda
1316 3920 1396 3975 nicht

262 3993 284 4128 l
301 3985 661 4129 serasera-cha.
835 3989 1394 4143 mborelrrlrrtrraa

262 4128 283 4197 Β)
303 4134 384 4186 Anm.
404 4149 438 4185 zu
456 4132 546 4186 Praef.
566 4138 590 4187 4.
836 4132 1068 4201 dieErwdhuung
1075 4134 1124 4188 der
1134 4132 1251 4187 divrtrae
1261 4147 1297 4185 au
1305 4132 1395 4188 dieser

259 4200 282 4269 ⁴)
301 4200 370 4255 Hier
384 4201 434 4255 auf
445 4202 495 4255 das
510 4201 783 4261 Schclerverhaltnis
837 4203 923 4259 Stella
942 4203 1099 4272 unlogisch.

223 4288 256 4323 zu
288 4268 433 4339 beziehen,
466 4272 526 4325 also
554 4274 674 4343 „willig,
702 4274 782 4329 111111-
874 4276 894 4342 ⁷)
913 4275 994 4328 Anm.
1014 4293 1047 4328 au
1066 4273 1149 4342 Ages.
1164 4272 1212 4342 VI,
1230 4279 1255 4330 3.

223 4343 309 4395 sam“.
873 4346 895 4413 ⁸)
913 4343 985 4414 „ldit
1002 4342 1113 4399 Ernst.“
