2959 4759
539 206 613 261 riv.
644 205 824 278 urrunsa,
849 212 874 262 a.
893 213 917 263 4,
1273 209 1318 273 45

133 369 290 434 desertus
310 373 404 453 esset,
422 368 527 433 nihilo
547 369 648 434 setius
667 370 885 453 perseveravit
903 369 1212 455 vivumqueThuym
1232 372 1318 456 cepit

135 480 216 523 cum
238 480 338 523 uxore
363 461 395 521 et
417 457 539 522 liberis.

233 545 293 611 111.
322 544 422 611 Cuius
445 545 525 610 iacti
547 567 589 609 ne
611 546 701 629 prius
724 545 813 610 fama
836 546 877 610 ad
900 566 1009 630 regem
1033 568 1131 630 quam
1153 548 1224 632 ipse
1246 566 1352 630 per-1

137 636 282 716 veniret,
310 634 399 699 dedit
426 656 567 718 operam.
611 633 726 717 Itaque
759 635 908 698 omnibus
941 636 1052 699 insciis
1080 658 1132 718 eo,
1163 636 1221 701 ubi
1248 640 1319 701 erat

135 745 214 808 rex,
242 723 330 787 venit
356 726 554 807 posteroque
582 722 633 786 die
657 722 801 806 Thuym,
827 723 992 788 hominem
1017 725 1150 788 maximi
1173 726 1317 808 corporis

136 812 344 895 terribilique
372 811 470 896 facie,
502 810 587 896 quod
621 814 654 874 et
680 812 775 897 niger
807 816 840 875 et
869 812 987 895 capillo
1019 813 1119 898 longo
1152 813 1317 898 barbaque

137 904 216 965 erat
237 901 408 984 promissa,
431 900 556 983 optima
578 899 781 984 resteterit,
803 921 901 983 quam
925 904 1075 984 satrapae
1098 902 1181 985 regii
1204 922 1317 987 gerere

137 992 348 1072 consuerant,
372 989 501 1052 ornavit
524 988 622 1052 etiam
646 992 761 1073 torque
785 992 883 1072 atque
906 989 1043 1054 armillis
1067 991 1173 1054 aureis
1197 992 1317 1055 cetero·

136 1099 206 1162 qne
223 1078 314 1161 regio
334 1078 433 1160 cultu,
451 1078 521 1160 ipse
541 1078 663 1162 agresti
680 1076 802 1159 duplici
822 1078 960 1143 amiculo
980 1078 1198 1143 circumdatus
1216 1078 1317 1142 hirta·
1336 1095 1352 1142 2

137 1187 206 1249 que
230 1167 350 1249 tunica,
374 1186 491 1250 gerens
513 1165 549 1229 in
573 1166 679 1249 capite
703 1166 829 1248 galeam
848 1166 1059 1251 venatoriam,
1082 1167 1195 1231 dextra
1218 1187 1317 1231 mann

138 1256 281 1338 clavam,
294 1254 428 1319 sinistra
446 1253 608 1338 copulam,
623 1275 687 1337 qua
700 1255 843 1318 vinctum
862 1258 936 1318 ante
955 1276 989 1319 se
1003 1254 1171 1339 Thuynem
1190 1255 1317 1341 agebat,

138 1346 182 1408 ut
206 1344 233 1407 si
255 1342 358 1406 feram
381 1342 521 1407 bestiam
544 1347 673 1425 captam
701 1342 840 1406 duceret.
886 1342 988 1419 Quem
1011 1366 1084 1408 cunr
1108 1365 1219 1408 omnes
1243 1360 1352 1409 con-3

139 1427 338 1516 spicerent9)
361 1435 496 1515 propter
518 1430 697 1495 novitatem
720 1434 855 1495 ornatus
876 1430 1091 1516 ignotamque
1114 1432 1252 1497 formam
1275 1433 1317 1497 ob

138 1541 281 1603 eamque
304 1542 373 1583 rem
396 1539 534 1603 magnus
558 1524 644 1583 esset
663 1540 849 1603 concursus,
871 1519 936 1584 fuit
952 1542 1124 1602 nonnemo,
1143 1521 1199 1604 qui
1218 1541 1318 1606 agno-

138 1614 250 1674 sceret
267 1608 396 1693 Thuym
414 1608 549 1693 regique
567 1607 744 1672 nuntiaret
780 1605 815 1671 Is
832 1607 939 1689 primo
963 1630 1028 1673 non
1048 1608 1235 1674 accredidit:
1259 1610 1318 1673 ita·
1337 1624 1355 1671 4

138 1718 207 1781 que
226 1696 316 1761 misit
334 1697 476 1781 aliquem
495 1696 707 1779 exploratum.
741 1695 852 1779 Aque
872 1701 908 1761 ut
926 1718 994 1760 rem
1009 1701 1135 1782 gestam
1154 1697 1319 1780 comperit,

140 1785 259 1850 statim
283 1784 413 1849 admitti
431 1785 525 1849 illum
544 1784 649 1868 iussit,
672 1803 792 1866 magno
817 1806 914 1867 opere
938 1785 1115 1850 delectatus
1140 1807 1213 1851 cunr
1230 1785 1318 1851 facto

139 1876 215 1938 tum
235 1877 362 1956 ornatu,
382 1874 417 1938 in
431 1873 545 1956 primis
560 1871 646 1957 quod
665 1872 785 1937 nobilis
799 1894 856 1936 rex
874 1873 1059 1956 inopinanti
1071 1874 1106 1937 in
1119 1877 1318 1957 potestatem

137 1966 285 2028 venerat
337 1961 451 2046 Itaque
478 1961 649 2046 magnifice
676 1957 851 2025 Datamem
884 1962 1040 2026 donatum
1069 1962 1107 2026 ad
1142 1963 1353 2027 exercitnme

138 2050 252 2132 misit,
284 2050 340 2134 qni
371 2055 443 2114 turn
480 2050 732 2115 contrahebatur
763 2049 843 2114 duce
875 2050 1086 2115 Pharnabazo
1125 2050 1166 2115 ad
1197 2051 1317 2115 bellum

137 2136 404 2225 Aegyptiumm),
427 2139 561 2222 parique
585 2160 658 2201 eum
681 2140 816 2221 irnperio
841 2159 912 2202 esse
935 2139 1040 2203 iussit.

231 2226 288 2292 IV.
321 2224 384 2292 Sed
411 2228 456 2310 ei,
489 2249 560 2292 cum
588 2226 729 2292 maximo
764 2227 872 2292 studio
906 2230 1110 2309 compararet
1142 2228 1351 2293 exercitumr

137 2315 395 2400 Aegyptumque
422 2314 581 2399 proficisci
609 2317 753 2399 pararet,
786 2315 895 2380 subito
926 2338 946 2379 a
973 2336 1049 2400 rege
1081 2315 1210 2380 litterae
1243 2322 1318 2380 sunt

138 2405 278 2487 missae,
300 2410 338 2469 ut
361 2404 476 2487 Aspim
500 2404 738 2488 aggrederetur,
762 2403 818 2486 qui
841 2400 1032 2468 Cataoniam
1055 2405 1201 2468 tenebat:
1234 2425 1317 2487 quae

139 2514 224 2578 gens
255 2494 340 2558 iacet
377 2514 476 2576 supra
507 2490 672 2570 Ciliciam,
705 2492 841 2556 confinis
875 2490 1109 2576 Cappadociae.
1167 2491 1351 2577 Namquea

140 2582 254 2665 Aspis,
278 2583 456 2647 saltuosam
475 2582 639 2664 regionem
663 2580 871 2664 castellisque
893 2582 1054 2645 munitam
1072 2581 1227 2664 incolens,
1249 2602 1316 2650 non
1380 2599 1383 2606 ·

140 2670 252 2735 solum
270 2670 407 2753 imperio
426 2669 514 2755 regis
538 2690 606 2733 non
623 2668 771 2753 parebat,
795 2669 850 2733 sed
869 2669 969 2734 etiam
987 2669 1145 2734 finitimas
1167 2669 1317 2754 regiones

138 2760 284 2823 vexabat
306 2762 340 2823 et
358 2779 441 2842 qnae
463 2758 533 2842 regi
555 2755 810 2842 portarenturll)
835 2757 1025 2841 abripiebat.
1066 2758 1232 2842 Datames,
1255 2759 1352 2822 etsie

140 2847 242 2931 longe
266 2847 381 2911 aberat
404 2846 445 2910 ab
468 2846 520 2910 his
544 2845 731 2931 regionibus
756 2849 789 2909 et
812 2868 831 2909 a
854 2848 976 2911 maiore
998 2869 1034 2912 re
1058 2847 1318 2928 abstrahebatur,

140 2940 255 3001 tamen
278 2936 365 3020 regis
388 2934 551 3000 voluntati
574 2956 699 2998 morem
723 2933 900 3017 gerendum
924 2936 1061 3017 putavit.
1107 2934 1221 3019 Itaque
1245 2957 1318 2999 cum

141 3024 266 3109 paucis,
284 3024 339 3089 sed
359 3023 438 3087 viris
452 3023 594 3087 fortibus
612 3043 729 3086 navem
749 3022 944 3105 conscendit,
962 3023 1161 3099 existimans,
1180 3023 1213 3086 id
1232 3022 1318 3107 quod

140 3113 269 3195 accidit,
286 3112 414 3177 facilius
430 3133 463 3176 se
481 3110 721 3194 imprudentem
735 3132 838 3194 parva
856 3132 954 3174 manu
974 3132 1206 3195 oppressurum
1219 3132 1317 3194 quarn

139 3204 296 3284 paratum
324 3200 473 3285 quamvis
501 3220 621 3284 magno
651 3199 802 3263 exercitu.
847 3197 984 3263 Delatus
1014 3201 1049 3263 in
1073 3196 1220 3263 Ciliciam
1244 3215 1353 3264 cumr

140 3311 294 3376 egressus
328 3294 425 3371 esset,
458 3288 526 3352 dies
557 3290 732 3371 noctesque
764 3287 828 3352 iter
859 3287 981 3352 faciens
1011 3288 1155 3353 Taurum
1186 3287 1319 3352 transiit

142 3399 260 3462 eoque,
289 3399 353 3461 quo
377 3376 558 3458 studuerat,
581 3377 678 3446 venit.
724 3374 869 3458 Quaerit,
894 3378 1011 3460 quibus
1034 3377 1113 3442 locis
1137 3376 1181 3442 sit
1204 3377 1317 3461 Aspis:

141 3466 315 3551 cognoscit
350 3465 437 3530 haud
474 3466 574 3549 longe
613 3465 728 3529 abesse
764 3464 1010 3551 profectumque
1047 3487 1120 3530 eum
1156 3469 1317 3532 venatum

139 3553 231 3630 Quae
255 3554 330 3619 dum
351 3554 545 3638 speculatur,
570 3553 726 3618 adventus
751 3554 820 3618 eius
840 3575 938 3619 causa
960 3555 1176 3640 cognoscitur.
1219 3554 1317 3637 Aspis

141 3665 216 3708 curn
239 3643 289 3727 iis,
312 3664 393 3727 quos
417 3664 525 3707 secum
543 3642 697 3724 habebat,
719 3642 759 3707 ad
778 3643 991 3709 resistendum
1010 3645 1120 3709 omnia
1138 3645 1316 3727 comparat.

176 3799 198 3868 ⁹)
221 3798 253 3852 ln
280 3798 372 3853 dieser
399 3797 566 3866 Bedeutung
592 3799 702 3852 kommt
756 3797 831 3853 beim
866 3799 1027 3869 persischen
1061 3799 1151 3855 Heere
1187 3814 1317 3869 genesen

141 3870 220 3925 sonst
235 3870 405 3939 wenigst'ens
419 3870 470 3922 das
484 3868 701 3936 Passivumvor,
755 3874 843 3937 w'are,
871 3871 951 3925 batte
977 3869 1110 3925 Datames
1137 3869 1184 3924 bei
1213 3870 1318 3924 seinem

139 3940 186 3995 bei
203 3939 300 4010 Nepos
319 3940 405 3995 Attio.
424 3939 498 4005 XIII,
516 3945 542 3994 ὅ.
755 3941 892 4010 Abgange
906 3941 986 3995 nicht
999 3940 1062 3995 dem
1073 3940 1249 3997 Mandrocles
1262 3941 1319 3997 den

179 4010 212 4079 ¹⁰)
232 4011 269 4065 Es
296 4010 335 4064 ist
359 4011 410 4065 das
437 4009 482 4064 die
505 4007 607 4079 Iphicr.
627 4008 702 4078 11‚4
757 4010 924 4066 Oberbefehl
941 4010 1120 4081 bbertragen.

141 4082 285 4136 erwthnte
308 4082 438 4149 Rustnng
461 4081 549 4149 (siehe
571 4081 636 4135 dort
657 4079 702 4134 die

141 4150 242 4220 dnm).
262 4152 332 4206 Was
346 4151 408 4206 hier
415 4151 511 4221 Nepos
525 4149 555 4205 in
568 4150 702 4206 falsebem
795 4151 828 4220 11)
848 4152 904 4206 Der
917 4151 999 4223 Konj.
1017 4151 1185 4208 bezeichnet
1198 4153 1253 4207 den
1265 4152 1317 4207 Be-

141 4222 399 4291 Znsammenhange
414 4220 529 4290 errabit,
543 4221 616 4276 mule
630 4220 703 4276 nach
755 4221 822 4291 griff
834 4221 865 4276 in
879 4221 970 4278 seiner
982 4222 1212 4294 Allgemeinheit‚
1226 4223 1317 4277 nichts

142 4292 175 4359 V,
195 4300 212 4350 6
229 4295 303 4349 noch
322 4293 362 4346 im
375 4292 460 4348 Jahre
475 4298 527 4348 378
544 4293 702 4362 geschehen
755 4293 950 4364 Bestimmtes,
976 4294 1128 4350 Einzelnes.
1174 4298 1256 4364 Anm.
1284 4311 1318 4346 au

142 4364 209 4418 sein.
242 4365 325 4419 Denn
343 4381 424 4419 wenn
442 4364 596 4435 Iphicrates
616 4364 702 4418 echon
756 4364 846 4419 Alcib.
864 4363 890 4432 1,
909 4371 934 4420 3.
