2959 4759
181 194 224 258 12
587 193 623 248 11.
651 192 853 250 susumus.
878 203 901 251 1.
922 203 946 252 a.

181 378 278 441 quam
302 355 326 419 ii
349 357 515 440 poterant,
539 356 595 440 qui
619 356 654 420 in
676 355 808 421 Perside
832 362 923 424 erant
946 361 1015 425 nati
1046 363 1088 443 [a.
1111 364 1204 446 472}
1250 364 1375 453 Atque

144 462 254 511 acum
277 444 382 509 multa
409 445 480 529 regi
504 448 590 511 esset
612 445 779 528 pollicitus
803 447 1090 534 gratissimumque
1112 453 1208 538 illud,
1234 456 1265 521 si
1297 459 1375 523 suis
1445 519 1447 525 .

179 534 230 598 uti
253 533 399 600 consiliis
423 534 530 618 vellet,
554 531 725 599 Graeciam
748 534 841 599 illum
863 536 948 601 bello
970 559 1210 627 oppressurum,
1234 548 1375 631 magnis

179 623 367 687 muneribus
386 622 428 686 ab
444 622 624 687 Artaxerxe
643 623 782 689 donatus
800 624 837 687 in
849 623 964 689 Asiam
982 627 1078 692 rediit
1093 630 1374 720 domiciliumque

143 728 159 776 3
179 710 370 796 Magnesiae
389 710 453 775 sibi
477 712 656 777 constituit.
687 709 837 795 Namque
856 712 939 778 hanc
958 716 1071 781 urbem
1090 718 1121 782 ei
1138 741 1196 784 rex
1215 721 1374 804 donarat,

179 822 261 886 quae
281 802 311 865 ei
333 821 452 884 panem
471 800 644 884 praeberet
668 798 721 886 (ex
741 822 805 885 qua
823 803 956 886 regione
976 804 1215 891 quinquaginta
1239 812 1374 878 talenta

179 890 355 974 quotannis
378 886 553 975 redibant),
576 888 794 973 Lampsacum
818 895 941 973 autam,
963 893 1048 958 unde
1071 895 1182 961 vinum
1209 907 1371 984 sumeret,

177 977 325 1063 Myunta,
348 999 387 1041 ex
411 999 476 1063 qua
500 979 673 1043 obsonium
695 977 840 1043 haberet.

141 1082 158 1131 4
267 1066 517 1133 Monumentum
532 1067 593 1132 viri
607 1066 782 1131 clarissimi
801 1066 842 1131 ad
859 1073 1007 1135 nostram
1025 1073 1218 1140 memoriam
1238 1081 1372 1144 mansit

177 1156 363 1239 sepulcrum
387 1155 422 1219 in
450 1154 522 1220 foro
546 1154 745 1240 Magnesiae.
789 1154 839 1219 De
862 1156 1014 1244 morte¹⁸)
1043 1164 1153 1226 autem
1177 1165 1248 1229 eius
1273 1169 1371 1233 varic

177 1246 264 1330 apud
298 1246 470 1328 plerosque
503 1244 664 1328 scriptum
696 1247 759 1326 est,
791 1244 847 1308 sed
863 1249 866 1253 ’
883 1267 943 1311 nos
977 1249 1113 1313 eundem
1149 1253 1370 1336 potissimum

176 1333 401 1418 Thucydidem
421 1337 588 1398 auctorem
606 1331 793 1418 probamus,
812 1333 865 1416 qui
882 1335 975 1399 illum
995 1337 1042 1401 ait
1059 1340 1174 1405 morbo
1193 1347 1370 1410 mortuum

175 1443 282 1506 neque
314 1423 416 1507 negat
447 1421 548 1486 tuisse
579 1419 716 1505 famam,
744 1442 903 1486 venenum
936 1445 995 1488 sua
1027 1431 1142 1510 sponte
1173 1436 1371 1520 sumpsisse,

177 1532 261 1589 cum,
276 1532 358 1596 quae
377 1510 448 1594 regi
462 1508 657 1574 ascraeus
671 1508 883 1593 opprimenda
901 1513 1066 1595 pollicitus
1082 1520 1178 1602 esset,
1192 1526 1370 1603 praestare

139 1616 211 1665 sse
240 1620 335 1683 posse
366 1599 563 1682 desperaret.
608 1597 699 1662 Idem
726 1619 803 1662 ossa
831 1600 900 1663 eius
924 1601 1022 1684 clam,
1051 1606 1206 1687 quoniam
1231 1608 1369 1694 legibus

174 1688 208 1752 id
226 1709 294 1752 non
309 1687 548 1771 concederetur,
566 1687 653 1770 quod
671 1686 871 1772 proditionis
889 1692 976 1753 esset
995 1690 1179 1779 damnatus,
1197 1696 1234 1761 in
1248 1698 1369 1766 Attica

174 1776 304 1862 sepulta
329 1776 515 1842 dictitatum
539 1776 581 1840 ab
605 1775 718 1840 amicis
743 1776 918 1841 memoriae
941 1779 1092 1862 prodidit.

584 2098 649 2172 III.
685 2097 948 2174 ARISTIDES.

139 2255 153 2303 1
262 2239 288 2305 Ι.
325 2238 500 2324 Aristides,
528 2237 717 2323 Lysimachi
747 2237 849 2321 filius,
872 2236 1095 2325 Atheniensis,
1119 2248 1267 2327 aequalis
1291 2250 1365 2318 fere

137 2345 153 2392 a
172 2327 237 2393 fuit
253 2328 478 2411 Themistocli,
496 2332 594 2413 atque
615 2348 688 2392 cum
707 2349 746 2393 eo
766 2325 805 2391 de
823 2326 1007 2411 principatu
1027 2332 1202 2398 contendit.
1234 2334 1364 2424 Cogni-

171 2420 241 2482 tum
261 2422 311 2483 est
330 2420 439 2482 autem
457 2417 494 2481 in
511 2416 573 2501 his,
598 2419 719 2500 quanto
739 2418 921 2479 antestaret
939 2416 1123 2500 eloquentia
1141 2421 1365 2495 innocentiae.

171 2506 376 2590 Quamquam
402 2505 489 2570 enim
508 2504 588 2570 adeo
608 2504 789 2569 excellebat
807 2503 968 2568 Aristides
988 2505 1196 2593 abstinentia,
1214 2517 1254 2578 ut
1273 2538 1365 2585 unus

171 2599 248 2680 post
283 2594 453 2659 hominum
490 2594 696 2674 memoriam,
729 2590 858 2677 queml)
892 2591 1020 2676 quidem
1051 2616 1112 2661 nos
1145 2599 1363 2688 audierimus,

170 2683 366 2768 cognomine
390 2682 500 2747 Iustus
525 2683 568 2746 sit
586 2681 777 2765 appellatus,
800 2685 910 2744 tamen
934 2680 1189 2752 aThemistocle
1210 2691 1365 2761 collabe-

170 2772 276 2837 factus
301 2772 424 2836 testula
446 2768 537 2856 illul)
562 2771 676 2835 exsilio
702 2768 811 2834 decem
836 2789 995 2833 annorum
1023 2774 1181 2840 multatus
1212 2779 1256 2859 [a.
1273 2783 1361 2867 485]

134 2864 230 2926 aest.
277 2860 340 2937 Qui
368 2859 498 2944 quidem
526 2881 599 2924 cum
626 2858 832 2944 intellegeret
854 2857 988 2940 reprimi
1016 2862 1214 2928 concitatam
1243 2872 1364 2938 multi.

170 2949 316 3016 tudinem
348 2970 415 3013 non
442 2969 552 3032 posse,
585 2948 724 3031 amplius
758 2946 951 3013 contendere
983 2949 1103 3015 noluit:
1137 2956 1251 3020 tamen
1282 2981 1362 3027 cum

170 3038 459 3104 animadvertisset
484 3037 645 3122 quendam
664 3038 870 3119 scribentem,
893 3038 930 3099 ut
947 3035 1017 3119 ipse
1035 3040 1143 3120 patria
1167 3044 1363 3138 pelleretur,

170 3127 335 3213 quaesisse
365 3128 407 3192 ab
435 3149 473 3192 eo
501 3127 631 3209 dicitur,
660 3148 760 3211 quare
787 3126 820 3190 id
848 3125 970 3188 faceret
998 3129 1056 3189 aut
1083 3129 1160 3210 quid
1189 3131 1360 3205 Aristides

133 3215 403 3301 4commisisset,
439 3237 496 3281 eur
532 3219 628 3281 tanta
662 3237 770 3299 poena
807 3212 1140 3313 dignusduceretur.
1196 3218 1258 3286 Oui
1297 3226 1360 3293 ille

168 3304 812 3477 trullissetur,uultu
830 3300 1359 3479 {tebthPlttfisttl

173 3481 404 3548 Verumtamen
419 3480 529 3546 decem
549 3503 707 3547 annorum
726 3480 907 3566 legitimam
925 3499 1063 3561 poenam
1082 3502 1150 3547 non
1169 3490 1356 3579 pertulit3).

132 3585 149 3637 a
169 3571 256 3638 Nam
280 3572 454 3654 postquam
473 3568 595 3635 Xerxes
615 3571 649 3635 in
669 3570 838 3635 Graeciam
858 3565 1031 3651 descendit,
1054 3574 1147 3635 sexto
1172 3572 1241 3640 fere
1263 3600 1357 3649 anno

169 3682 267 3745 quam
290 3661 360 3723 erat
384 3659 545 3744 expulsus,
568 3659 683 3745 populi
707 3659 789 3724 seito
813 3657 848 3720 in
870 3655 1013 3740 patriam
1035 3659 1208 3726 restitutus
1232 3670 1295 3732 est.

134 3766 147 3813 1
258 3746 301 3811 ΙΙ.
328 3745 596 3833 Pugnae'autem
614 3748 724 3813 navali
749 3746 835 3830 apud
854 3742 1019 3809 Salamina
1037 3742 1188 3814 interfuit
1208 3754 1251 3833 [a
1266 3757 1353 3841 480]

167 3836 259 3921 prius
283 3856 381 3919 quam
404 3858 509 3921 poena
533 3832 769 3917 liberaretur4).
811 3833 903 3898 Idem
925 3835 1058 3916 praetor
1080 3833 1144 3900 fuit
1167 3837 1354 3912 Athenien-

206 4008 240 4076 1⁸)
260 4007 298 4061 Er
316 4007 394 4062 starb
411 4027 459 4063 um
478 4016 540 4067 470.
782 4007 835 4062 wie
859 4007 932 4062 auch
956 4003 997 4058 im
1020 4004 1222 4089 enecuischcn
1249 4019 1355 4089 ψῆφος

205 4080 226 4162 ¹)
254 4078 311 4132 Der
337 4079 437 4161 Aecus.
461 4081 552 4151 hitngt
574 4079 655 4136 nicht
685 4079 728 4161 als
781 4079 828 4133 fiir
846 4081 1053 4146 διαψηφισμος.
1107 4146 1113 4158 ⁸

168 4149 539 4220 ObJ.vcnaud1errmusab‚
554 4152 673 4207 sondern
687 4167 728 4205 src
819 4149 841 4219 θ)
859 4149 916 4216 „Er
933 4145 1067 4201 brauchte
1084 4147 1166 4227 nicht
1183 4169 1219 4207 zu
1234 4198 1240 4211 .
1253 4199 1260 4212 ,
1272 4164 1306 4215 ,“

167 4219 343 4291 appellatum
367 4235 428 4276 esse
455 4221 496 4277 ist
518 4222 602 4278 dabei
629 4239 662 4275 zu
685 4237 727 4276 er·
819 4219 841 4288 ⁴)
861 4221 898 4300 Er
916 4218 989 4338 harpe
991 4214 1066 4338 t{ulfn
1067 4221 1267 4351 ξέεθηιὲθξῖἓηῗὺ
1272 4235 1352 4288 nach

166 4298 338 4434 grqzesqviel
348 4361 391 4417 als
398 4363 568 4418 testularum
579 4360 727 4432 suffragiis,
781 4289 1027 4430 {dldhddhlslehar
1044 4353 1170 4412 Athener
1190 4311 1237 4420 dile>
1256 4305 1351 4438 pelli:
