2959 4759
487 247 549 317 XV„
573 241 848 300 EPAMNONDAS.
872 249 914 300 10.
1242 241 1287 306 55

13 397 15 454 ῗ
115 410 389 493 Lacedaemoniis,
414 410 483 495 qui,
507 409 593 494 qnod
615 409 650 473 in
679 406 776 470 unius
798 406 940 490 pernicie
967 407 1036 471 eius
1059 407 1185 492 patriae
1209 429 1287 473 suae

13 579 14 586 ἵ
114 500 209 565 sitam
238 501 400 583 putabant
428 500 579 582 salutern,
606 495 749 562 universi
775 495 810 559 in
832 516 932 560 unum
960 495 1118 579 impetum
1139 496 1287 562 fecerunt

114 609 219 672 nequo
242 589 335 671 prius
358 589 598 669 abscesserunt,
627 607 725 670 quam
749 604 871 669 magna
893 584 1056 667 utrimque
1079 585 1175 649 caede
1197 585 1287 650 facta

111 676 289 742 fortissime
321 682 536 761 pugnantem,
572 695 669 758 sparo
710 673 836 737 eminus
877 694 1079 757 percussum,
1120 673 1287 740 concidere

111 765 268 831 viderunt
312 764 393 830 Eius
416 787 493 832 casu
517 764 721 849 aliquantum
744 760 902 826 retardati
925 765 1003 827 sunt
1020 760 1159 845 Boeotii,
1181 784 1286 848 neque
1304 781 1321 829 a

13 927 18 940 ‚
110 858 221 924 tamen
239 853 330 936 prius
348 875 459 939 pugna
477 856 691 934 excesserunt,
706 871 805 935 quam
823 853 1044 935 repugnantes
1061 851 1286 936 profligarunt.

13 995 14 1004 ,
110 942 154 1006 At
182 941 443 1027 Epaminondas,
471 964 543 1008 cnm
573 939 846 1007 animadverteret
873 938 1075 1004 mortiferum
1104 961 1138 1003 se
1168 941 1321 1006 vulnuse

13 1025 15 1098 ἶ
110 1031 273 1113 accepisse
310 1030 483 1116 simulque,
520 1031 548 1096 si
579 1030 715 1112 ferrum,
752 1027 838 1112 quod
871 1049 910 1092 ex
941 1026 1054 1093 hastili
1085 1028 1120 1091 in
1151 1049 1287 1113 corpore

109 1124 322 1199 remanserat,
351 1120 557 1203 extraxisset,
586 1119 727 1184 animam
756 1116 868 1181 statim
892 1116 1100 1199 emissurum,
1121 1138 1223 1202 usque
1247 1138 1285 1181 eo

13 1235 14 1290 3
109 1208 252 1288 retinuit,
276 1207 381 1292 quoad
405 1209 626 1273 renuntiatum
649 1211 699 1271 est
717 1204 833 1270 vicisse
852 1202 1014 1270 Boeotios.
1051 1204 1090 1270 Id
1109 1210 1284 1290 postquam
1305 1223 1322 1272 4

13 1297 14 1300 ’
110 1296 244 1378 audivit,
272 1294 378 1361 ‘satis'
401 1297 508 1381 inquit
531 1295 623 1361 ‘vixit
645 1294 785 1359 mrictus
804 1294 892 1358 enim
914 1292 1056 1359 morior&
1093 1293 1177 1359 Tum
1199 1295 1286 1360 ferro

13 1389 14 1468 ,
110 1387 257 1450 extracto
279 1384 454 1450 confestim
477 1386 680 1451 exanimatus
702 1388 763 1450 est.

13 1479 14 1542 ἲ
197 1471 237 1537 Χ.
263 1470 405 1538 Uxorem
423 1495 600 1559 numquam
619 1472 719 1537 duxit.
757 1472 796 1536 In
814 1493 877 1555 quo
901 1493 975 1536 cum
998 1470 1288 1555 reprehenderetur
1306 1491 1320 1540 1

13 1549 15 1636 i
109 1561 310 1645 aPelopida,
328 1563 384 1646 qui
402 1562 504 1626 filium
522 1562 665 1627 habebat
682 1560 848 1644 infamem,
866 1561 1013 1645 maleque
1031 1561 1068 1624 in
1085 1581 1124 1625 eo
1148 1559 1286 1645 quidem,

13 1701 14 1704 η
109 1649 197 1734 quod
229 1650 350 1715 liberos
382 1671 448 1716 non
479 1651 691 1735 relinqueret,
722 1650 850 1733 patriae
882 1650 1050 1714 consulere
1086 1653 1287 1734 argueretur,

13 1747 14 1822 i
107 1736 205 1803 ‘vide'
236 1737 344 1821 inquit
376 1737 429 1803 ‘ne
456 1742 494 1804 tu
520 1739 613 1823 peius
642 1737 807 1821 consulas,
840 1737 895 1822 qui
921 1738 1021 1802 talem
1049 1758 1087 1801 ex
1113 1741 1146 1802 te
1174 1742 1287 1803 natum

13 1857 14 1878 ι
107 1827 280 1893 relicturus
305 1827 359 1892 sis.
405 1826 519 1912 Neque
542 1849 618 1894 vero
641 1829 740 1910 stirps
764 1828 872 1909 potcst
895 1825 975 1890 mihi
999 1825 1123 1890 deesse:
1145 1846 1321 1911 namquea

13 1929 14 1964 ἒ
108 1937 147 1980 ex
175 1937 228 1979 me
255 1918 367 1980 natam
394 1916 540 2002 relinquo
567 1937 713 2002 pugnam
739 1913 958 1999 Leuctricam,
985 1935 1067 1998 quae
1094 1936 1161 1979 non
1188 1914 1285 1980 modo

108 2003 191 2069 mihi
219 2008 398 2088 superstes,
431 2004 486 2069 sed
514 2005 613 2070 etiarn
639 2003 835 2069 immortalis
863 2003 907 2067 sit
937 2023 1068 2068 necesse
1096 2001 1167 2068 est'.
1213 2002 1319 2079 Quoa

107 2097 255 2178 tempore
278 2093 358 2158 duce
380 2091 583 2179 Pelopidaw)
611 2094 738 2158 exsules
762 2091 890 2157 Thebas
918 2095 1118 2176 occuparunt
1142 2094 1185 2173 [a.
1203 2093 1282 2174 379]

108 2185 141 2246 et
169 2180 366 2264 praesidium
394 2181 724 2248 Lacedaemoniorum
754 2202 793 2244 ex
821 2202 893 2246 arce
917 2182 1122 2265 expulerunt,
1151 2181 1286 2265 Epami·

106 2269 241 2353 nondas,
265 2270 418 2354 quamdiu
435 2272 526 2336 facta
549 2274 599 2335 est
617 2270 730 2335 caedes
750 2270 878 2354 civium,
900 2269 987 2335 domi
1007 2291 1041 2335 se
1060 2270 1176 2355 tenuit,
1197 2270 1283 2354 quod

107 2378 210 2442 neque
234 2359 338 2425 malos
361 2358 533 2425 defendere
556 2360 688 2426 volebat
709 2380 813 2443 neque
837 2381 952 2424 manus
972 2380 1103 2425 suorum
1125 2360 1283 2444 sanguine

108 2451 288 2512 cruentare:
307 2469 448 2533 namque
467 2470 596 2515 omnem
616 2449 743 2515 civilem
761 2448 932 2514 victoriam
950 2447 1114 2513 funestam
1137 2448 1284 2531 putabat.

107 2534 211 2614 Idem,
239 2540 413 2621 postquam
441 2537 528 2622 apud
552 2536 725 2603 Cadmeam
754 2559 827 2604 cum
850 2536 1115 2602 Lacedaemoniis
1143 2536 1285 2622 pugnari

108 2628 260 2707 coeptum
283 2629 342 2707 est,
364 2626 400 2689 in
421 2625 535 2711 primis
560 2627 659 2691 stetit.

196 2711 260 2777 Sed
287 2713 326 2778 de
353 2715 442 2780 iliius
465 2716 527 2780 riri
548 2715 724 2781 virtutibus
747 2716 878 2800 vitaque
902 2716 982 2780 satis
1006 2715 1068 2780 erit
1091 2715 1226 2800 dictum,
1255 2715 1320 2785 sit

14 2853 15 2866 ,
106 2822 208 2865 unum
230 2801 294 2866 hoc
316 2803 505 2886 adiunxero,
528 2805 615 2888 quod
637 2825 733 2869 nemo
756 2804 820 2868 ibit
841 2805 972 2886 infitias,
995 2803 1126 2869 Thebas
1151 2809 1184 2869 et
1207 2810 1284 2870 ants
1320 2845 1323 2849 -

105 2888 368 2974 Epaminondam
387 2895 501 2957 natum
520 2897 554 2956 et
566 2895 642 2976 post
655 2892 800 2956 eiusdem
817 2891 985 2957 interitum
999 2896 1156 2978 perpetuo
1175 2894 1283 2958 alieno

105 2975 256 3060 paruisse
283 2977 433 3058 imperio,
458 2984 572 3043 contra
594 3000 646 3062 ee,
673 3000 772 3062 quam
796 2979 850 3042 diu
873 2980 930 3044 ille
953 2980 1131 3064 praefuerit
1152 2982 1200 3045 rei
1222 3004 1283 3066 pu-

105 3065 223 3146 blicae,
245 3071 344 3146 caput
361 3063 460 3129 fuisse
480 3068 583 3131 totius
603 3064 813 3146 Graeciaeffl).
849 3066 901 3131 Ex
920 3088 984 3150 quo
1007 3067 1156 3152 intellegi
1174 3073 1284 3151 potest

105 3174 208 3218 unum
231 3151 397 3217 hominem
418 3153 522 3237 pluris
547 3174 645 3239 quam
669 3153 834 3219 civitatem
858 3154 966 3219 fuisse.

144 3343 169 3377 8⁰
755 3351 768 3363 ⁸·
924 3344 931 3356 ⁰

15 3449 16 3458 Ν
143 3345 180 3483 ”i
198 3343 279 3469 aque.
298 3344 487 3471 heidiba}
508 3351 666 3472 ¹tneac
721 3345 857 3471 iiiiii}
879 3345 1108 3487 diffidit
1131 3348 1284 3475 {defieri}

108 3485 193 3556 bung.
208 3484 324 3541 Theben
332 3488 412 3542 hatte
421 3485 575 3559 allerdings
585 3492 666 3543 anter
719 3488 817 3542 zelnen
828 3486 939 3543 Staates
948 3489 1108 3558 uberhaupt
1116 3490 1199 3547 keine
1207 3492 1285 3548 Rede

107 3556 316 3626 Epaminondas
343 3559 395 3612 auf
423 3559 469 3613 ein
496 3560 667 3615 Jahrcebent
720 3561 800 3615 mehr
818 3558 878 3614 sein
894 3560 979 3615 kann.
1016 3560 1078 3615 Nur
1096 3560 1142 3617 die
1157 3561 1284 3619 Athener

108 3625 170 3682 eine
184 3627 357 3698 Hegemonie
370 3647 403 3683 zu
418 3629 522 3698 Laude,
539 3630 606 3685 aber
620 3629 666 3685 nie
721 3630 822 3686 hatten
837 3632 910 3686 noch
925 3631 1034 3702 wenige
1049 3632 1134 3688 Jahre
1153 3633 1217 3689 eine
1232 3635 1284 3690 Art

107 3714 155 3752 aar
174 3698 236 3753 See.
271 3699 335 3754 Und
353 3701 432 3754 sonet
449 3700 501 3754 hat
521 3717 551 3756 es
569 3700 668 3755 immet
722 3700 939 3757 Seeherrscbaft¹
964 3701 1034 3757 Eine
1049 3703 1180 3761 ahnliche
1194 3695 1284 3761 Uber-

106 3768 169 3824 eine
200 3769 319 3841 gesisse
348 3769 591 3841 Selbstandiglreit
622 3774 668 3827 be·
721 3773 855 3843 treibung
886 3774 962 3829 steht
994 3789 1041 3828 am
1069 3774 1201 3833 Schlusse
1233 3777 1284 3833 des

65 3843 71 3857 ¹
109 3838 234 3909 hauptet.
267 3839 349 3895 Nach
363 3840 427 3895 dem
442 3840 519 3896 Tude
535 3843 582 3898 des
596 3842 668 3913 Epa·
721 3842 870 3899 Eumenes.
903 3845 1072 3899 Rhetoriech
1089 3847 1129 3903 ist
1146 3849 1219 3904 auch
1238 3849 1284 3905 die

109 3909 255 3966 minondae
273 3929 332 3966 war
350 3911 396 3967 die
415 3911 583 3981 allgemeine
599 3913 667 3968 Ent
722 3914 874 3985 Wendung
892 3915 988 3972 Thrae.
1007 3917 1028 3984 1,
1048 3921 1073 3972 2.

589 4184 802 4192 ——-.-—..
