2959 4759
429 622 728 696 PRAEFATIO
762 620 1015 694 EDITORIS

471 757 534 813 ‘an
553 757 759 812 ammonere
779 756 967 823 curarim

226 1013 315 1090 Quae
337 1010 477 1096 Nepotis
505 1012 638 1075 nomine
668 1010 708 1076 ad
735 1032 796 1075 nos
818 1012 1035 1093 pervenerunt
1057 1009 1157 1092 vitae,
1180 1029 1236 1072 eae
1255 1008 1310 1072 <vel

134 1123 269 1206 propter
300 1140 409 1183 rerum
442 1117 604 1182 delectum
638 1119 670 1181 et
700 1116 870 1200 scriptoris
898 1116 1065 1201 ingenium
1096 1115 1161 1179 vel,
1179 1118 1312 1199 propter

133 1227 321 1292 universam
362 1225 430 1289 stili
472 1224 693 1309 orationisque
735 1222 1026 1287 conformationem
1068 1222 1173 1287 adhuc
1211 1221 1311 1306 vulgo

134 1334 345 1419 dignissimae
368 1331 543 1414 habentur,
571 1352 652 1415 quas
677 1329 922 1414 gymnasiorum
951 1327 1136 1394 nostrorum
1161 1328 1312 1413 quartani

135 1443 257 1526 legant.
300 1437 415 1522 Itaque
439 1437 586 1520 quamvis
609 1437 714 1500 multa
731 1437 768 1499 in
791 1437 837 1499 eis
859 1436 966 1500 inesse
990 1439 1125 1519 constet,
1149 1456 1232 1520 quae
1255 1440 1312 1498 aut

134 1547 295 1612 historica
327 1544 389 1622 fide
417 1547 549 1608 careant
575 1542 703 1637 falsove
727 1543 901 1607 tradantur
928 1545 984 1607 aut
1011 1543 1118 1606 minus
1146 1543 1313 1626 eleganter

136 1653 344 1739 proferantur
368 1655 402 1714 et
420 1672 493 1714 eum
513 1651 802 1735 grammaticorum
820 1651 1002 1734 praeceptis
1023 1653 1179 1733 pugnent,
1202 1655 1313 1712 tamen

132 1760 317 1824 retinentur
334 1757 412 1821 illae
430 1755 465 1819 in
484 1757 603 1821 scholis
624 1760 655 1821 et
668 1758 885 1841 ‘posthabitae
902 1778 1135 1841 nonnunquam
1153 1755 1312 1820 tirociniis

132 1864 349 1930 recentiorum
382 1884 480 1927 manu
513 1863 669 1927 confectis
702 1885 805 1947 usque
837 1866 1036 1946 repetuntur.
1085 1861 1193 1926 Imbui
1225 1861 1311 1926 enirn

133 1972 180 2036 eis
209 1970 358 2056 quamvis
390 1970 569 2054 inquinatis
601 1991 718 2053 pueros
749 1973 880 2034 nostros
909 1991 1005 2054 quam
1040 1969 1173 2033 omnino
1201 1990 1311 2032 aarum

132 2079 266 2163 ignaros
299 2097 430 2141 manere
462 2077 632 2141 malumus.
680 2074 914 2140 Verumtamen
946 2076 1008 2141 hoc
1041 2097 1136 2161 aegre
1168 2075 1312 2156 ferimus,

134 2185 230 2270 quod,
246 2183 301 2269 qui
315 2184 436 2269 integri
455 2183 581 2249 ardenti
599 2182 667 2247 fere
687 2181 794 2247 studio
815 2182 855 2246 ad
869 2183 954 2247 hanc
968 2183 1140 2247 lectionem
1155 2182 1312 2248 accedunt

134 2290 294 2375 discipuli,
318 2291 435 2353 iterum
455 2280 553 2374 atque
573 2290 701 2373 saepius
726 2289 879 2354 monendi
898 2292 984 2372 sunt,
1002 2288 1081 2374 quid
1099 2289 1205 2353 minus
1228 2310 1313 2372 vere,

134 2396 243 2461 minus
267 2397 437 2474 subtiliter,
461 2397 567 2460 minus
591 2396 759 2479 eleganter
786 2395 871 2479 apud
893 2393 1054 2478 Nepotem
1079 2395 1236 2479 scriptum
1260 2396 1312 2461 sit.

135 2502 228 2579 Quod
259 2504 287 2566 si
313 2506 499 2567 tenerorum
528 2502 708 2567 animorum
736 2502 930 2566 verecundia
960 2523 1028 2567 non
1052 2501 1170 2585 facias,
1195 2524 1236 2566 ne
1263 2502 1312 2566 illi

135 2611 176 2675 ad
207 2602 470 2693 intempestivam
498 2609 661 2694 quandam
689 2609 800 2674 iudicii
824 2608 1040 2674 subtilitatem
1069 2609 1246 2674 excitentur
1268 2645 1311 2655 —

135 2720 225 2782 totos
261 2715 348 2781 enim
381 2737 498 2799 pueros
531 2737 565 2779 sa
597 2715 673 2779 dare
707 2716 839 2780 lectioni
872 2713 913 2779 et'
936 2716 1099 2780 mentibus
1133 2716 1313 2800 animisque

136 2823 288 2907 amplecti
312 2823 504 2905 scriptorem
527 2822 691 2906 volumus,
714 2821 867 2886 utillum
891 2821 1071 2904 suspiciant
1087 2843 1146 2886 nec
1169 2821 1255 2886 infra
1278 2844 1311 2886 se

135 2930 280 3011 positum
304 2929 501 2994 arbitrentur
527 2966 564 2975 —
592 2933 671 3014 quot
692 2928 777 2993 falsa
800 2927 980 3011 addiscunt,
1006 2950 1088 3012 quae
1112 2929 1243 2994 difficile
1268 2931 1312 2994 sit

136 3037 253 3117 postea
276 3036 328 3099 vel
346 3035 577 3118 grammaticae
600 3035 651 3099 vel
670 3035 828 3100 historiae
852 3035 1018 3119 magistris
1042 3034 1233 3100 oblitterare
1256 3041 1313 3100 aut

136 3141 313 3225 corrigere!
344 3140 427 3216 ‘Quo
451 3142 548 3205 simul
568 3146 618 3206 est
639 3142 767 3206 imbuta
785 3163 895 3206 reeens
915 3141 1058 3205 servabit
1078 3141 1209 3206 odorem
1228 3147 1313 3207 testa
1390 3124 1395 3132 ¹

136 3247 211 3313 diu'
257 3247 412 3333 Magnam
444 3248 545 3333 igitur
576 3249 734 3331 temporis
767 3248 927 3313 iacturam
963 3269 1029 3312 non
1060 3247 1254 3332 faceremus,
1285 3252 1313 3314 si

135 3354 201 3418 iam
233 3355 315 3428 inde(
341 3357 381 3419 ab
413 3355 509 3419 initio
542 3378 620 3419 vera
652 3355 743 3437 pueri
776 3354 975 3420 didicissent.
1022 3353 1128 3429 Quid?
1159 3355 1312 3421 devorare

138 3458 299 3543 Nepotem
319 3462 527 3527 librariorum
549 3463 737 3526 temeritate
760 3462 965 3545 inquinatum
989 3461 1045 3545 qui
1068 3462 1197 3527 malunt
1215 3485 1312 3547 quam

137 3566 234 3650 paulo
259 3568 411 3633 audacius
434 3569 634 3652 perpolitum
657 3568 878 3651 interpretari,
907 3590 1014 3633 nonne
1038 3572 1071 3633 et
1094 3591 1187 3633 suam
1210 3576 1243 3634 et
1266 3571 1312 3634 di·

137 3672 336 3757 scipulorum
360 3674 447 3738 alere
470 3676 621 3740 videntur
644 3675 849 3740 socordiam?
1090 3673 1092 3676 ’

226 3778 287 3843 His
319 3779 386 3843 fere
414 3781 594 3845 rationibus
631 3803 735 3865 nuper
768 3785 951 3846 commotus
984 3783 1112 3867 collega
1149 3804 1239 3848 meus
1272 3784 1312 3848 ad

64 3925 67 3928 -
89 3977 93 3983 Δ
137 3885 331 3951 coenobium
351 3884 488 3950 Sanctae
506 3886 664 3972 Virginis,
684 3888 769 3972 quod
793 3891 843 3952 est
867 3887 953 3973 apud
971 3887 1312 3973 Parthenopolitanos,

5 4052 16 4078 ,
137 3993 193 4077 qui
214 4014 299 4057 nune
323 3993 528 4077 gymnasium
547 3995 632 4080 regit
651 3994 860 4077 Giessanum,
873 3992 974 4059 Andr.
989 3994 1151 4080 Weidner,
1174 3994 1312 4080 Nepotis

121 4100 222 4168 <vitas
246 4100 294 4162 ita
317 4093 477 4185 perpolire
507 4122 681 4185 aggressus
706 4106 769 4185 est,
792 4105 829 4165 ut
850 4101 915 4183 illi,
939 4102 1025 4185 quod
1048 4103 1202 4186 diximus,
1225 4104 1311 4168 malo

138 4206 328 4270 mederetur.
365 4204 469 4281 Quam
494 4206 718 4271 subactionem
736 4207 868 4272 volebat
891 4208 997 4292 magis
1016 4208 1199 4273 scholarum
1216 4230 1311 4273 usum

139 4333 234 4395 quam
258 4313 416 4379 librorum
441 4336 540 4380 manu
564 4315 758 4398 scriptorum
782 4315 878 4379 fidem
904 4315 1005 4400 sequi,
1022 4316 1214 4401 praesertim
1238 4336 1310 4379 eum

558 4446 794 4548 448847
