2959 4759
192 227 212 291 6
603 228 627 283 Ι.
653 227 857 284 MILTIADES.
884 235 908 284 7.
927 234 952 283 8

190 390 441 474 magistratuum
460 393 641 488 corruptus,
658 393 821 456 trecentas
839 394 964 456 statuas
979 391 1123 456 Demet'
1081 394 1145 457 tno
1159 391 1318 457 Phalereo
1324 390 1364 481 24)

192 479 342 544 decrevit.

156 583 170 631 1
278 566 351 633 VII
369 566 451 633 Post
463 567 526 633 hoc
541 567 702 654 proelium
717 569 854 634 classem
868 570 1077 653 septuaginta
1090 570 1223 635 navium
1238 571 1365 653 [a489]

191 656 409 723 Athenienses
428 657 533 723 eidem
547 656 690 722 Miltiadi
710 657 876 741 dederunt,
899 662 936 722 ut
954 658 1090 741 insulas,
1109 680 1190 743 quae
1209 660 1366 726 barbaros

191 745 390 831 adiuverant,
413 746 501 811 bello
524 750 778 831 persequeretur.
821 746 892 822 Quo
914 747 950 812 in
973 747 1111 830 imperio
1131 748 1301 833 plerasque
1326 748 1367 813 ad

154 851 171 900 ι
191 834 332 900 officium
351 835 456 903 redire
475 835 594 921 coegit,
611 837 786 901 nonnullas
799 837 832 900 ri
847 837 1054 921 expugnarit.
1087 836 1207 902 Parum
1226 838 1366 903 insulam

190 924 306 1008 opibus
330 924 451 990 elatam
474 945 547 989 oum
571 925 717 989 oratione
738 924 950 991 reconciliare
972 946 1040 990 non
1062 930 1190 1010 posset,
1214 927 1326 1010 copias
1349 948 1366 990 e

189 1014 327 1078 navibus
359 1013 485 1099 eduxit,
512 1014 626 1079 urbem
658 1014 813 1098 operibus
847 1013 965 1079 clausit
997 1016 1151 1099 omnique
1183 1019 1367 1081 commeatu

189 1102 340 1187 privavit,
363 1102 438 1174 dein
455 1102 559 1167 vineis
583 1124 622 1167 ao
643 1102 865 1167 testudinibus
886 1102 1074 1168 constitutis
1098 1104 1232 1188 propius
1255 1126 1366 1169 muros

154 1208 170 1256 3
191 1192 335 1257 accessit.
372 1189 455 1257 Cum
477 1192 544 1256 iam
566 1191 602 1256 in
625 1212 663 1257 eo
687 1188 831 1279 esset25),
854 1195 892 1256 ut
915 1192 1036 1277 oppido
1060 1193 1230 1278 potiretur,
1252 1194 1366 1278 procul

189 1279 292 1363 lucus,
315 1280 371 1364 qui
394 1302 433 1345 ex
455 1280 563 1345 insula
586 1280 861 1365 conspiciebatur,
883 1281 994 1346 nescio
1018 1303 1081 1366 quo
1106 1304 1184 1347 casu
1206 1287 1366 1348 nocturno

188 1372 335 1453 tempore
357 1369 507 1434 incensus
530 1372 589 1433 est
616 1367 715 1435 Cuius
734 1370 868 1435 flamma
890 1373 928 1433 ut
946 1369 988 1434 ab
1012 1370 1183 1455 oppidanis
1208 1377 1241 1437 et
1265 1393 1367 1455 oppu-

189 1458 383 1542 gnatoribus
407 1463 456 1523 est
478 1459 562 1543 visa,
585 1458 731 1544 utrisque
755 1460 846 1523 venit
868 1458 903 1522 in
925 1460 1112 1543 opinionem
1141 1462 1271 1545 signum
1295 1482 1367 1525 esse

153 1564 171 1612 4
190 1570 210 1612 a
232 1546 409 1612 classiariis
432 1547 532 1633 regiis
556 1547 677 1612 datum.
722 1545 793 1623 Quo
817 1547 941 1612 factum
965 1550 1075 1613 estut
1098 1552 1131 1613 et
1152 1548 1242 1613 Parii
1265 1572 1285 1613 a
1313 1548 1366 1614 de-

189 1635 313 1700 ditione
336 1634 575 1701 deterrerentur
599 1640 632 1701 et
653 1635 827 1720 Miltiades,
851 1637 970 1701 timens
993 1658 1034 1701 ne
1058 1637 1171 1702 classis
1194 1638 1286 1724 regia
1309 1637 1367 1703 ad-

189 1728 346 1808 venierat,
363 1724 505 1791 incensis
520 1725 682 1810 operibus,
700 1747 783 1810 quae
802 1747 818 1790 s
819 1729 972 1809 t,atuerat
986 1747 1060 1791 oum
1077 1727 1213 1791 tolidem
1226 1727 1365 1792 navibus

189 1817 287 1898 atque
315 1818 385 1879 erat
411 1815 574 1900 profectus
601 1813 752 1880 Athenas
785 1835 906 1899 magna
937 1837 1011 1881 oum
1039 1815 1216 1880 offensione
1246 1816 1366 1881 civium

153 1918 321 1968 sanorum
342 1903 471 1969 rediret
517 1905 698 1969 Accusatus
722 1906 773 1969 est
796 1903 1001 1987 proditionis,
1025 1903 1125 1988 quod,
1138 1925 1222 1969 oum
1245 1904 1366 1969 Parum

190 2001 375 2076 expugnare
398 1995 519 2077 posset,
543 2014 661 2078 aroge
684 1996 857 2077 corruptus
880 1991 1009 2057 infectis
1032 1992 1130 2057 rebus
1154 1992 1367 2059 discessisset.

188 2080 277 2146 Ilot
262 2084 407 2165 tempore
428 2103 525 2169 aeger
544 2104 599 2147 era
599 2081 830 2185 tvulneribus,
849 2103 932 2166 quae
951 2082 985 2145 in
1005 2080 1224 2165 oppugnando
1244 2081 1365 2167 oppido

189 2174 366 2254 acceperat.
410 2170 526 2256 Itaque
554 2172 708 2255 quoniam
736 2170 890 2253 ipsepro
914 2170 1078 2234 aedicere
1104 2191 1172 2234 non
1195 2168 1366 2257 possead),

153 2275 169 2323 6
188 2260 287 2325 verba
309 2259 388 2325 fecit
409 2260 558 2325 frater
530 2282 598 2325 erus
617 2255 852 2345 Tisagoras²⁷).
883 2255 992 2324 Causa
1010 2257 1152 2361 cognita·
1167 2258 1286 2343 capitis
1310 2261 1366 2325 ab·

188 2348 276 2415 solut
261 2346 370 2435 tus²³),
389 2350 525 2433 pecunia
544 2350 702 2414 multatus
718 2351 767 2413 est
767 2369 897 2434 ,eaque
915 2348 957 2411 lis
973 2348 1192 2433 quinquagint
1194 2370 1213 2413 a
1230 2350 1364 2414 talentis

188 2437 667 2522 aestimataest,quantus1n
691 2436 828 2501 classem
852 2440 1000 2520 sumptus
1028 2435 1135 2501 factus
1159 2441 1236 2502 erat.
1213 2437 1365 2502 tTan-

186 2531 256 2593 tam
288 2528 459 2612 pecuniam
487 2526 572 2611 quod
601 2527 725 2590 solvere
753 2525 804 2590 die
835 2526 1031 2609 praestituta
1057 2547 1124 2591 non
1153 2530 1297 2611 poterat,
1330 2527 1366 2591 in

187 2616 317 2682 vincula
339 2615 470 2700 publica
493 2615 657 2680 coniectus
680 2617 730 2678 est
752 2614 864 2699 ibique
887 2613 973 2679 diem
994 2615 1077 2679 obiit
1100 2612 1344 2702 supremumw).

154 2721 169 2769 1
277 2703 368 2770 VIII.
390 2703 514 2769 Verum
537 2703 601 2768 etsi
624 2703 758 2769 crimine
776 2701 872 2767 Pario
893 2707 943 2768 est
962 2706 1142 2786 accusatus,
1165 2707 1277 2767 tamen
1299 2704 1365 2768 alia

187 2816 285 2860 eausa
303 2793 366 2856 fuit
385 2791 613 2856 damnationis.
642 2791 792 2877 Namque
812 2791 1029 2856 Athenienses
1047 2794 1181 2876 propter
1199 2792 1366 2857 Pisistrati

187 2881 408 2966 tyrannidem,
431 2902 513 2965 quae
535 2881 647 2966 paucis
671 2882 765 2945 annis
789 2885 863 2946 ante
885 2877 1052 2966 fueratw),
1078 2880 1215 2945 nimiam
1246 2880 1365 2946 civium

152 2988 320 3037 asuerum
347 2969 529 3055 potentiam
557 2970 822 3036 extimescebant.
869 2970 918 3035 Ao
945 2969 1125 3053 Miltiades,
1157 2971 1299 3035 multum
1330 2970 1366 3034 in

187 3058 332 3142 imperiis
362 3059 673 3145 magistratibusque
697 3063 860 3143 versatus,
881 3081 948 3124 non
971 3059 1142 3125 videbatur
1167 3081 1265 3144 posse
1293 3081 1364 3124 esse

188 3149 345 3231 privatus,
367 3149 560 3232 praesertim
583 3170 657 3213 cum
679 3148 911 3214 consuetudine
934 3148 975 3213 ad
998 3147 1128 3232 imperii
1151 3148 1364 3232 cupiditatem

151 3255 168 3304 a
187 3236 275 3302 trahi
292 3237 463 3302 videretur.
492 3236 579 3303 Nam
598 3234 842 3324 chersonesiffl)
866 3258 977 3302 omnes
998 3236 1075 3303 illos
1095 3257 1177 3321 quos
1196 3236 1365 3302 habitarat

187 3348 290 3391 annos
312 3330 503 3412 perpetuam
526 3327 714 3392 obtinuerat
735 3326 992 3391 dominationem
1014 3329 1236 3409 tyrannusque
1257 3324 1364 3390 fuerat

187 3415 382 3501 appellatus.
428 3414 547 3481 Omnes
581 3419 689 3481 autem
718 3419 751 3478 et
785 3415 936 3479 dicuntur
964 3417 997 3479 et
1028 3413 1190 3478 habentur
1221 3415 1365 3499 tyranni,

187 3507 243 3590 qui
265 3508 430 3590 potestate
450 3509 526 3569 sunt
543 3508 700 3589 perpetua
718 3503 755 3568 in
772 3526 811 3569 ea
830 3504 972 3588 civitate,
991 3524 1073 3589 quae
1092 3502 1245 3568 libertate
1264 3508 1363 3569 antea

224 3695 260 3764 ¹⁴)
279 3695 361 3753 Anm
380 3713 414 3751 nu
431 3696 516 3752 Phoc.
534 3696 583 3766 III,
602 3702 627 3752 3.
803 3697 872 3750 dern
903 3693 944 3749 im
974 3694 1102 3750 koordin.
1135 3694 1293 3765 Gegensatz
1327 3712 1365 3750 an

225 3766 260 3836 ¹⁵)
277 3768 378 3823 Esse'
368 3786 399 3822 ιιι
422 3767 515 3823 dieser
531 3739 689 3823 Redensart
710 3768 750 3822 ist
803 3767 947 3821 multatus.

187 3838 288 3894 immer
306 3857 363 3908 unp
366 3838 514 3895 erstnlioh.
839 3837 874 3905 ²⁰)
892 3838 931 3891 Er
949 3837 1027 3892 starb
1045 3836 1151 3891 nieht
1142 3854 1183 3892 rm
1199 3835 1340 3907 Gesangni
1341 3856 1363 3907 s,

226 3909 259 3978 ὀ)
280 3909 366 3980 Konj.
374 3910 424 3965 dor
437 3912 508 3965 orat.
519 3909 576 3966 obl.
591 3909 749 3965 Wortedes
802 3909 923 3964 sordem
945 3907 1041 3964 wurde
1064 3908 1200 3990 lediglich
1227 3927 1263 3962 zu
1286 3909 1364 3964 einer

188 3979 379 4122 Tiqggquosm
392 4051 491 4106 aweite
504 4051 612 4106 Bruder
626 4052 674 4106 des
682 4050 749 4105 Mil·
802 3977 1363 4120 Mihdtdafedidrbhteiibrundadblsagem-
1313 3981 1364 4035 der

187 4122 281 4177 tiades
290 4123 361 4177 wird
375 4126 454 4178 ronst
465 4123 600 4193 nirgends
611 4122 747 4177 erwthnt.
800 4123 926 4193 plangen
943 4123 1032 4177 hatte.

186 4193 244 4249 Der
262 4194 350 4250 altere
363 4194 472 4250 Bruder
486 4194 649 4264 Stesagoras
667 4194 748 4250 hatte
839 4194 874 4265 ³⁰)
892 4193 973 4249 Stura
993 4194 1043 4247 der
1060 4208 1116 4247 ron
1130 4190 1294 4248 Pisistratus
1313 4209 1363 4263 go·
1464 4207 1465 4268 ς

187 4282 238 4320 vor
260 4264 333 4322 Milt.
361 4264 408 4321 die
433 4265 599 4321 Herrsohaft
621 4264 672 4321 aul
698 4267 749 4321 der
800 4266 957 4337 grlindeten
975 4262 1113 4333 Tyrannis
1132 4268 1193 4319 510.
1464 4329 1465 4338 ἵ

188 4335 350 4392 Chersones.
839 4338 874 4406 ³¹)
903 4337 998 4391 Chers.
1022 4336 1124 4406 genart
1151 4335 1224 4389 auch
1251 4334 1305 4390 mit
1327 4354 1362 4391 au
1464 4351 1465 4400 ι

152 4489 155 4494 ,
224 4407 258 4477 ²⁸)
276 4408 371 4466 Absoh
382 4408 462 4464 nieht
476 4409 674 4478 subordiniert,
684 4424 746 4464 son·
801 4408 953 4467 habitarat„
