2959 4759
513 215 574 274 XX.
593 214 798 274 ,Tlnonuou
821 222 848 272 4.
866 219 891 270 δ.
1248 215 1290 282 75

104 375 245 464 Itaque,
273 401 347 444 cum
374 379 515 463 primum
541 379 661 463 potuit,
693 379 865 462 imperium
893 379 1043 462 deposuit
1073 401 1110 445 ac
1141 380 1289 465 privatus

104 464 298 569 Syracusis,
331 468 416 551 quod
448 469 608 554 reliquum
641 468 728 534 vitae
759 467 837 550 fuit,
868 469 959 534 vixit.
1003 467 1116 553 Neque
1148 490 1226 534 vero
1256 468 1324 533 ido

104 555 265 641 imperite
289 555 379 621 fecit:
352 561 480 621 tnam
500 556 586 643 quod
605 557 732 622 ceteri
722 558 859 641 1mperio
879 557 1051 640 petierunt,
1069 558 1124 621 ille
1142 557 1291 641 privatus

103 644 342 710 benevolentia
369 645 483 710 tenuit.
461 644 645 711 tNullus
672 645 778 711 honos
808 645 838 710 ei
866 645 980 729 defuit,
1010 666 1114 730 neque
1142 667 1194 711 res
1224 646 1290 711 ulla

108 730 287 817 Syracusis
306 737 400 819 gesta
424 738 475 798 est
492 734 630 817 publice,
654 734 693 798 de
716 757 780 819 qua
798 734 888 818 prius
906 738 992 799 esset
1011 734 1172 799 decretum
1191 757 1289 819 quam

107 820 332 888 Timoleontis
369 828 456 887 esset
493 824 653 887 sententia
694 823 835 909 cognita.
894 822 943 888 Ac
978 822 1098 887 nullius
1135 836 1324 907 umquamo

20 909 22 992 ξ
103 911 287 976 consilinm
328 933 393 976 uon
434 911 530 976 modo
573 911 753 976 antelatum
794 911 861 997 illi,
901 912 957 976 sed
992 932 1033 976 ne
1067 915 1289 994 comparatum

20 995 21 1046 Ϊ
105 1000 244 1085 quidem
277 1004 336 1065 est.
390 997 503 1083 Neque
539 998 573 1063 id
606 999 712 1064 minus
748 999 922 1084 prudentia
953 1000 1077 1065 factum
1109 1003 1160 1064 est
1192 1021 1288 1084 quam

20 1101 21 1180 ἦ
103 1087 348 1153 benevolentia.

20 1241 22 1248 ,
203 1175 261 1241 IV.
287 1177 406 1241 Aetate
434 1176 500 1240 iam
523 1180 695 1260 provectus
719 1198 792 1241 cum
816 1181 904 1241 esset
925 1175 1111 1260 Timoleon,
1134 1176 1202 1241 sinc
1220 1176 1323 1240 ullc1

20 1301 21 1304 ¹
106 1266 230 1331 morbo
249 1266 375 1330 lumina
399 1265 566 1329 oculorum
590 1265 708 1330 amisit.
747 1264 852 1351 Quam
876 1266 1096 1330 calamitatem
1114 1265 1162 1330 ita
1181 1264 1289 1329 mode·

20 1363 21 1416 ι
107 1359 184 1419 rate
208 1354 295 1431 tulit,
318 1357 355 1419 ut
377 1376 481 1439 nequa
504 1376 577 1418 eum
601 1358 788 1439 querentem
812 1353 983 1439 quisquam
1007 1353 1158 1433 audierit,
1185 1374 1289 1437 neque

20 1481 21 1484 =
107 1465 152 1507 eo
177 1443 286 1507 minus
309 1443 364 1508 illo
386 1443 524 1526 privatis
547 1443 748 1527 publicisque
771 1444 868 1508 rebus
891 1442 1084 1507 interfuerit
1133 1440 1324 1507 Veniebata

20 1535 22 1612 ζ
109 1535 223 1596 autem
258 1532 291 1595 in
319 1531 498 1616 theatrum,
529 1553 602 1596 cum
632 1532 680 1596 ibi
710 1530 880 1597 concilium
912 1532 1028 1615 populi
1060 1527 1290 1616 haberetur¹²),

20 1615 21 1638 ¹
108 1626 248 1704 propter
279 1620 498 1686 valetudinem
535 1626 646 1685 vectus
684 1620 839 1685 iumentis
871 1621 1006 1702 iunctis,
1040 1623 1138 1703 atque
1171 1619 1218 1683 ita
1251 1619 1290 1683 de

20 1751 22 1784 ι
110 1708 265 1773 vehiculo
295 1729 378 1792 quae
404 1707 599 1773 videbantur
627 1708 764 1776 dicebat.
808 1707 923 1792 Neque
949 1708 1013 1772 hoc
1039 1707 1090 1771 illi
1119 1708 1289 1791 quisquam

110 1798 279 1862 tribuebat
303 1796 491 1881 superbiae:
513 1796 596 1861 nihil
615 1799 699 1862 enim
718 1819 873 1883 umquam
898 1818 1003 1881 neque
1021 1796 1165 1861 insolens
1183 1816 1288 1881 neque

20 1935 21 1964 ,
110 1888 294 1971 gloriosum
324 1907 362 1949 ex
392 1907 445 1950 ore
474 1886 542 1950 eius
570 1886 656 1952 exiit.
702 1884 765 1961 uui
794 1885 936 1970 quidem,
969 1906 1043 1950 cum
1073 1906 1148 1949 suas
1177 1885 1324 1949 laudosa

112 1975 242 2040 audiret
272 1974 466 2059 praedicari,
498 1996 676 2059 numquam
708 1973 798 2038 aliud
828 1974 910 2039 dixit
896 1978 1039 2058 tquam
1069 1994 1164 2037 sem
1193 1994 1231 2037 ea
1254 1994 1289 2039 re

20 2143 21 2148 ἵ
110 2065 254 2129 maxime
282 2064 332 2128 dis
360 2063 483 2147 gratias
512 2083 621 2147 agere,
649 2063 750 2147 quod,
779 2085 852 2127 cum
876 2061 1020 2128 Siciliam
1046 2083 1189 2127 recreare
1213 2083 1289 2126 oon·

20 2151 21 2182 Τ
111 2153 314 2237 stituissent,
345 2156 415 2216 tum
438 2173 473 2216 se
496 2151 702 2236 potissimum
726 2152 839 2216 ducem
868 2173 938 2217 esss
963 2150 1150 2217 voluissent
1193 2147 1324 2215 Nihil4

113 2241 202 2305 enim
234 2263 342 2306 rerum
374 2240 588 2306 humanarum
622 2240 690 2306 sine
718 2240 850 2305 deorum
882 2240 1014 2304 numine
1043 2239 1112 2324 geri
1142 2240 1290 2322 putabat.

111 2327 227 2414 Itaque
256 2351 332 2394 suae
360 2329 448 2393 domi
482 2329 636 2395 sacellum
663 2325 920 2416 Automatias¹³)
950 2330 1164 2395 constituerat
1193 2327 1288 2413 idque

113 2418 321 2508 sanctissime
344 2418 480 2483 colebat.

20 2569 21 2588 ι
203 2506 243 2572 V.
275 2507 325 2572 Ac
346 2506 492 2592 profecto
521 2506 561 2570 ad
590 2506 749 2572 excellent
734 2509 802 2571 tem
829 2506 917 2571 illius
942 2506 1096 2570 virtutem
1123 2504 1322 2570 mirabilesl

114 2600 318 2661 accesserant
345 2617 447 2660 casus
491 2592 577 2660 Nam
595 2596 729 2747 tproelia
757 2596 898 2661 maxima
921 2598 979 2661 nat
965 2594 1024 2660 tali
1055 2616 1112 2659 suo
1137 2594 1188 2659 dic
1211 2593 1323 2659 facita

116 2685 241 2750 omnia:
267 2705 330 2770 quo
354 2684 476 2749 factum
500 2686 610 2749 estut
572 2706 705 2749 ueum
728 2684 813 2749 diem
836 2683 900 2750 fest
886 2689 956 2769 tum
979 2683 1115 2749 haberet
1137 2684 1289 2748 universa

20 2799 21 2822 ι
116 2770 235 2839 Sicilia.
280 2772 392 2838 Animi
416 2777 524 2838 autem
547 2779 673 2859 magmt
650 2774 804 2839 tudinem
830 2773 910 2839 haec
933 2773 1109 2838 declarant
1154 2767 1236 2837 Cum
1259 2772 1289 2836 ei

114 2859 275 2944 Laphyst
266 2883 316 2925 rus
345 2861 490 2946 quidam,
517 2860 615 2927 homo
643 2866 698 2945 pet
684 2862 794 2927 tulans
824 2862 892 2926 et
882 2866 992 2945 ingrat
994 2884 1044 2939 us,
1069 2861 1288 2926 vadimonium

20 3011 21 3020 ,
117 2948 251 3011 vellet
242 2969 422 3031 imponere,
454 2948 540 3031 quod
568 2969 640 3013 cum
667 2950 726 3014 illo
755 2971 789 3013 se
816 2949 890 3035 lege
918 2970 1014 3034 agere
1043 2949 1162 3014 diceret
1148 2946 1223 3035 t¹⁴)‚
1255 2953 1289 3014 et

114 3036 298 3119 complures
332 3037 584 3120 concurrissent,
616 3036 671 3119 qui
702 3039 933 3120 procacitatem
964 3036 1106 3102 hominis
1138 3036 1288 3101 manibus

113 3129 261 3191 cobrcere
283 3126 486 3208 conarentur,
508 3123 677 3189 Timoleon
700 3126 808 3189 oravit
830 3125 995 3209 homines,
1016 3146 1057 3189 ne
1080 3124 1114 3189 id
1136 3126 1288 3190 facerent

112 3212 262 3298 Namque
284 3212 318 3277 id
340 3217 379 3278 ut
402 3210 629 3299 Laphystioll)
656 3213 785 3298 liceret,
808 3235 843 3279 se
866 3213 1025 3277 maximos
1048 3214 1178 3278 labores
1202 3235 1286 3278 sum·

114 3324 232 3389 maque
256 3302 362 3368 adisse
384 3300 537 3388 pericula.
583 3301 676 3368 Hanc
700 3302 785 3367 enim
810 3298 997 3389 speciom¹⁶)
1019 3302 1183 3367 libertatis
1207 3323 1287 3385 esse,

114 3392 155 3475 si,
183 3391 268 3477 quod
296 3392 430 3476 quisquc
457 3392 570 3476 vellet,
597 3391 725 3477 legibus
754 3390 891 3476 experiri
913 3391 1035 3457 liceret.
1080 3390 1185 3476 Idam,
1215 3409 1323 3457 cuma

116 3480 247 3565 quidam
275 3480 447 3565 Laphystii
480 3480 610 3566 similis,
641 3480 772 3547 nominc
804 3480 1036 3565 Demaenetus,
1067 3480 1102 3543 in
1139 3479 1288 3546 contione

115 3570 228 3653 populi
251 3569 290 3633 de
313 3570 409 3634 rebus
428 3570 529 3653 gestis
552 3569 620 3635 eius
640 3569 810 3635 detrahere
828 3570 988 3654 coepisset
1011 3591 1048 3634 ac
1070 3569 1229 3634 nonnulla
1252 3567 1289 3631 in

115 3678 189 3722 eum
216 3657 434 3741 inveheretur,
460 3661 539 3724 tunc
562 3659 694 3724 demum
723 3680 757 3724 se
785 3659 867 3724 dixit
889 3659 958 3725 voti
986 3679 1056 3724 csse
1084 3657 1288 3723 damnatum:

115 3767 254 3830 namque
285 3745 347 3811 hoc
380 3769 399 3810 a
427 3746 476 3810 dis
508 3747 749 3812 immortalibus
782 3770 909 3833 semper
939 3752 1120 3832 precatum,
1152 3750 1190 3812 ut
1217 3768 1288 3811 eam

115 3834 300 3900 libertatem
328 3835 514 3899 restitueret
542 3833 767 3921 Syracusanis,
795 3859 859 3922 qua
881 3837 983 3902 cuivis
1008 3836 1133 3919 liceret,
1159 3834 1286 3920 dequo

114 3924 220 4009 vellet,
243 3923 329 4008 quod
352 3923 460 4007 vellet,
482 3924 612 4007 impune
636 3924 750 3990 dicere.
791 3924 875 3990 Cum
900 3929 1010 3990 autom
1032 3924 1118 3989 diem
1143 3926 1186 4006 [a.
1206 3924 1323 4005 337]4

151 4169 185 4237 ¹²)
204 4170 284 4224 Anm.
303 4188 337 4224 zu
355 4167 446 4223 Alcib.
465 4167 487 4236 Ι,
506 4174 530 4223 3.
765 4169 799 4239 ¹⁴)
818 4172 899 4224 Anm,
919 4186 952 4224 zu
970 4169 1035 4224 Dat,
1049 4168 1084 4237 11,
1103 4173 1128 4225 3,

117 4239 273 4365 ..rubr
291 4237 673 4367 rrrutururuu:
767 4274 1269 4343 ¹⁶>⁸a11ata0hera1o³0u1a

120 4380 204 4437 rohsn
220 4380 345 4437 handelt.
451 4391 456 4401 “
768 4381 801 4452 1⁶)
820 4381 894 4451 „Das
913 4381 1017 4439 Imp·
